2034 3184
346 154 432 195 204
912 151 1067 189 Sallusti
1091 153 1339 191 Historiarum

466 259 541 304 18.
589 259 868 303 Admodum
898 275 1068 304 vanus.

462 354 567 399 App.
617 353 742 399 (Deest
765 355 807 390 in
830 354 1074 401 editionibus.)
1097 377 1144 383 —-
1169 355 1289 402 Sergii
1310 356 1410 402 'expL
1438 356 1477 392 in
1501 357 1636 394 Donat.
1663 357 1727 403 (IV
1747 370 1783 404 p.
1803 361 1897 405 5⁵9).

465 436 540 483 19.
596 437 727 482 Serv.
758 438 817 480 ad
843 437 959 482 Aen.
985 439 1026 483 V
1050 442 1153 484 626:
1185 439 1374 498 ‘(Orion)
1405 441 1478 497 qui
1510 441 1657 500 oritur,
1687 445 1736 486 ut
1765 443 1899 487 Sallu·

345 509 454 552 stius
486 509 601 566 dicit,
631 511 751 553 inccta
779 510 878 554 solis
908 512 1054 554 aestivi
1075 512 1274 566 pulsnm?

462 603 567 648 App.
618 602 705 648 (Ine.
727 606 795 638 100
807 603 851 649 D,
878 607 922 639 69
935 603 979 650 Κ,
1006 607 1050 640 58
1065 604 1107 650 G,
1133 605 1150 639 I
1174 617 1209 651 p.
1230 608 1298 641 568
1312 605 1386 651 ΒΥ.)

462 686 538 731 20.
600 687 775 730 Soleae
806 688 1065 732 festinate.

462 780 566 826 App.
617 780 703 826 (Ine.
726 784 793 816 105
806 781 850 826 D,
879 785 922 817 74
935 782 979 827 K,
1004 786 1051 817 40
1065 782 1108 828 G,
1133 783 1167 817 II
1190 795 1225 828 p.
1246 786 1316 819 494
1329 783 1402 828 Br.)
1432 805 1475 809 —
1509 783 1609 820 Serv.
1635 784 1763 830 (schol.
1789 785 1898 829 Dan.)

343 828 393 863 ad
411 828 502 864 Aen.
522 828 591 863 ΧΠ
608 831 688 864 425.
708 830 720 875 ΙΙ
739 828 875 876 soleas]
902 829 1000 865 solas
1022 830 1068 874 F,
1093 841 1183 867 corr.
1204 831 1417 868 Mascivins.
1439 853 1482 857 —
1502 830 1695 880 festinate]
1719 832 1898 870 festinare

342 887 387 912 em
411 876 588 912 Mascivii
611 877 817 913 conieetwra
843 877 961 913 Kritz.

460 940 625 980 Oomm.
686 941 750 980 Ad
780 941 952 981 convivii
978 942 1147 981 alicuius
1179 943 1448 982 narrationem
1484 944 1680 994 pertinere
1711 945 1898 986 videntur

340 1000 478 1052 verba3
515 1000 642 1050 possis
679 1014 838 1051 quoque
875 1001 1050 1053 cogitare
1088 1002 1134 1041 de
1166 1001 1343 1042 Cossinio
1383 1016 1407 1042 a
1438 1003 1630 1053 Spartaco
1667 1004 1709 1044 in
1745 1005 1898 1046 balneis

344 1059 476 1099 subito
508 1072 707 1110 oppresso.

461 1149 538 1196 21.
599 1151 733 1194 Bene
765 1151 938 1208 posita
968 1153 1101 1196 urbs.

459 1245 565 1291 App.
616 1245 740 1291 (Deest
764 1246 806 1281 in
829 1246 1072 1292 editionibus.)
1098 1268 1142 1273 —
1169 1246 1290 1283 Schol.
1317 1247 1424 1283 Bern.
1451 1247 1501 1282 ad
1526 1246 1658 1293 Georg.
1683 1247 1735 1283 111
1757 1251 1810 1284 13.

461 1329 538 1375 22.
599 1329 868 1373 Imbecilla
899 1334 975 1374 est
1006 1331 1279 1387 fortitudo,
1312 1332 1422 1374 dum
1454 1331 1652 1387 pendet.

458 1423 564 1469 App.
609 1424 694 1469 (Ino.
718 1427 784 1459 103
798 1424 842 1469 D,
863 1427 905 1459 72
917 1424 960 1469 K,
987 1428 1031 1459 47
1044 1424 1085 1470 G,
1111 1425 1145 1459 II
1163 1437 1198 1470 p.
1216 1429 1282 1460 142
1293 1425 1367 1471 Br.)
1388 1447 1432 1452 —
1453 1425 1574 1461 Schol.
1594 1425 1645 1460 ad
1664 1425 1757 1462 Stat.
1779 1425 1894 1463 Theb.

341 1471 374 1506 V
393 1474 472 1507 384.
492 1492 540 1497 -
559 1472 685 1515 Verba,
705 1484 795 1517 qaae
813 1473 959 1508 omnino
977 1484 1084 1508 sensa
1101 1477 1236 1517 carent,
1255 1478 1428 1519 corrupta
1446 1484 1517 1509 esse
1529 1474 1747 1518 putaverim,
1772 1485 1895 1520 qaam-

341 1531 450 1565 qaam
475 1520 529 1555 ita
553 1531 595 1555 ea
613 1520 774 1555 emhibere
799 1520 907 1555 etiam
927 1520 977 1554 M
991 1524 1023 1556 et
1044 1520 1085 1555 F
1105 1521 1213 1556 libros
1236 1525 1385 1567 royatns
1409 1533 1433 1557 a
1451 1532 1505 1557 me
1528 1522 1698 1567 inspectis
1714 1521 1897 1558 codicibus

339 1567 484 1612 scripsit
509 1567 658 1614 beniyne
682 1568 771 1602 mihi
797 1566 834 1603 0.
862 1568 1048 1614 Weyman.

460 1651 538 1696 23.
597 1651 743 1695 Nihil
775 1652 1007 1694 socordia
1038 1651 1372 1695 claudicabat.

460 1746 565 1791 App.
610 1746 697 1791 (Ino.
719 1749 785 1780 107
799 1746 843 1790 D,
877 1749 920 1780 76
934 1745 978 1790 K,
1011 1750 1030 1780 2
1046 1745 1088 1790 G,
1120 1746 1153 1780 II
1177 1758 1211 1791 p.
1235 1749 1301 1780 118
1315 1745 1389 1790 Br.)
1424 1767 1467 1771 —
1505 1745 1639 1782 Donat.
1673 1746 1722 1781 ad
1747 1746 1894 1783 Terent.

341 1794 433 1830 Eun.
454 1794 469 1828 I
490 1797 520 1838 2,
541 1796 603 1829 84:
625 1792 774 1828 ‘Claudi
794 1795 859 1828 aut
878 1792 1100 1828 claudicare.
1140 1793 1345 1829 Salustius.
1363 1822 1370 1828 .
1386 1822 1393 1829 .
1415 1792 1472 1839 [fr.
1489 1793 1539 1827 ΙΠ
1551 1796 1607 1838 48,
1622 1793 1682 1840 25]
1703 1795 1759 1830 et:
1781 1793 1892 1829 nihil‘

341 1853 371 1876 e.
392 1853 425 1886 q.
448 1853 474 1876 s,
501 1842 512 1885 ΙΙ
541 1840 725 1887 socordia]
752 1840 941 1876 secordiae
971 1841 1010 1876 Ο.
1036 1862 1083 1866 -
1107 1840 1363 1888 claudicabat]
1393 1841 1434 1884 O,
1458 1840 1660 1876 claudebat
1683 1842 1811 1888 vulgo,
1834 1843 1896 1878 sed

342 1890 530 1935 utriusque
554 1900 643 1924 usas
667 1889 829 1934 eaeempla
852 1900 870 1925 e
895 1887 1069 1924 Sallustio
1092 1889 1287 1924 scholiasta
1310 1889 1472 1936 attulisse
1496 1889 1586 1924 mihi
1609 1889 1762 1925 vidam.

460 1971 537 2018 24.
581 1972 713 2024 Quae
745 1975 894 2028 pacta
924 1972 975 2015 in
1000 1973 1337 2019 conventione
1367 1988 1466 2015 non
1491 1972 1895 2028 praestitissent.

343 2115 372 2150 Ε
458 2067 701 2150 {3³31}an
729 2069 774 2102 58
787 2066 837 2112 D,
864 2070 909 2102 24
922 2066 971 2112 K,
998 2070 1042 2101 22
1057 2065 1105 2112 G,
1131 2067 1148 2101 I
1172 2079 1206 2112 p.
1229 2070 1294 2101 401
1311 2066 1385 2112 Br.)
1420 2087 1463 2092 —-
1501 2065 1637 2102 Donat.
1668 2066 1718 2102 ad
1747 2066 1894 2104 Terent.

375 2127 435 2151 un.
557 2144 565 2160 ,
635 2144 642 2151 .

460 2198 537 2244 25.
598 2197 765 2255 Atque
815 2214 869 2241 ea
924 2199 1175 2256 cogentis,
1228 2214 1326 2241 non
1374 2201 1595 2255 coactos,
1649 2197 1895 2242 scelestos

341 2270 503 2327 magis
534 2285 680 2326 quam
710 2270 923 2313 miseros
952 2269 1262 2326 †obstringi.

459 2363 564 2408 App.
615 2363 701 2408 (Ino.
723 2367 767 2398 95
781 2363 824 2408 D,
852 2368 896 2399 64
909 2364 953 2408 K,
978 2363 1030 2399 IV
1050 2367 1093 2398 22
1106 2363 1148 2408 G,
1173 2363 1190 2398 I
1214 2375 1249 2409 p.
1271 2367 1356 2408 314,
1381 2363 1415 2398 II
1439 2375 1474 2408 p.
1495 2365 1564 2398 315
1577 2362 1652 2408 Bt.)
1681 2383 1728 2388 —-
1757 2362 1893 2399 Donat.

341 2411 390 2446 ad
416 2411 561 2446 Terent.
587 2411 718 2456 Hecyr.
745 2411 796 2446 IV
820 2415 851 2456 1,
872 2415 926 2447 21.
953 2412 965 2457 ΙΙ
990 2410 1190 2458 obstringi]
1225 2411 1266 2455 Ο,
1297 2410 1459 2446 obstruis
1483 2410 1540 2455 D,
1572 2409 1747 2455 distringi
1776 2411 1895 2457 υαῖρο,

342 2460 440 2495 loeus
463 2462 655 2504 corruptas
679 2459 768 2494 mihi
791 2459 942 2494 videtwr.
1673 2462 1675 2464 ’

460 2521 625 2562 Comm.
681 2519 828 2562 ‘Verba
857 2523 1044 2563 videntur
1072 2523 1195 2562 fuisse
1220 2535 1378 2562 reorum
1407 2534 1447 2561 se
1471 2522 1578 2573 ipsos
1603 2519 1893 2562 excusantium'

343 2582 552 2622 adnotavit
582 2582 728 2634 Jfirges
759 2596 797 2632 p.
824 2584 868 2632 53
900 2582 1021 2622 immo
1053 2582 1276 2622 accusantis
1308 2583 1411 2621 sunt.

459 2671 537 2717 26.
597 2671 671 2714 Ad
701 2672 836 2715 Iovis
867 2674 1095 2715 mandem·
1121 2674 1152 2728 ’ξ-
1183 2673 1318 2715 iram.

458 2766 564 2811 App.
615 2766 700 2811 (Ino.
724 2769 790 2801 106
803 2766 848 2811 D,
876 2770 918 2801 75
932 2766 975 2811 K,
1003 2771 1046 2801 29
1062 2767 1103 2811 G,
1129 2766 1146 2801 Ι
1169 2779 1203 2811 p.
1226 2769 1305 2811 571,
1330 2766 1365 2801 H
1388 2778 1423 2811 p.
1444 2769 1488 2801 37
1502 2766 1576 2811 ΒΥ.)
1608 2786 1652 2791 -
1682 2764 1816 2800 Donat.
1843 2765 1893 2800 ad

341 2813 486 2849 Terent.
507 2813 664 2858 Adelph.
686 2814 737 2848 IV
756 2817 788 2859 2,
808 2817 863 2849 43.
884 2815 896 2859 11
914 2813 1028 2860 Iovis]
1054 2814 1178 2849 ionem
1200 2815 1240 2857 O,
1265 2825 1331 2849 om.
1352 2814 1403 2857 D,
1428 2812 1525 2848 Iovis
1549 2813 1668 2859 valyo,
1694 2813 1788 2858 qnod
1809 2813 1894 2859 leyit

340 2866 430 2896 certe
455 2862 636 2896 Donatus.
669 2883 713 2886 —
745 2861 919 2896 mandem
943 2861 1053 2907 iram]
1079 2861 1215 2896 mande
1240 2860 1335 2895 iram
1355 2861 1405 2905 D,
1429 2859 1655 2896 mandeuani
1677 2859 1718 2903 0,
1743 2870 1893 2894 manae-

340 2907 429 2944 vani
455 2909 507 2944 ed.
530 2921 602 2954 pr„
627 2909 801 2944 mandem
825 2910 954 2944 nostra
977 2910 1104 2955 vulqo5
1133 2910 1240 2944 verba
1267 2913 1400 2944 sanata
1425 2919 1495 2944 esse
1518 2906 1619 2944 haud
1641 2907 1892 2943 contenderim.
