2034 3184
361 152 445 195 248

362 260 561 305 Spartacus
597 257 764 292 occultus
796 257 844 290 ad
878 256 992 291 Naris
1022 256 1104 290 Lu—

409 317 544 340 canas
572 332 578 339 .
602 334 607 339 .
630 333 636 339 .
663 303 835 349 pervenit
861 303 913 337 111
933 303 1026 339 9813.

361 355 431 388 Per
470 351 720 387 Nicomedem
765 350 864 385 bello
908 349 1105 386 lacessive-

408 400 494 434 runt
519 398 570 433 IV
590 402 646 442 69,
667 402 712 432 10
737 400 796 441 (sc.
821 397 1104 442 Mithridatem);

407 445 649 481 Nicomedem
679 444 861 489 Bithynia
898 444 1025 490 expuli
1054 445 1106 479 IV

408 498 464 537 69,
485 496 546 537 11;
577 493 691 539 [anno
716 495 762 527 75
787 496 950 527 mortuus
974 496 1024 527 est
1047 493 1104 527 in-

406 545 554 577 testatus
568 552 606 585 p.
628 540 711 586 89];
736 538 940 574 Nicomede
959 540 1105 574 mortuo

407 589 457 623 IV
479 591 534 632 69,
555 591 587 623 9.

360 634 613 671 *Nicomedia
631 634 700 680 [ibi
719 634 955 670 Mithridates
972 634 1103 669 hiema-

404 685 456 719 vit
478 695 515 728 p.
538 682 635 728 117}

358 731 482 766 Histri
530 730 703 775 proaeima
750 728 841 765 Nilo
889 729 1104 776 maynitudo

359 825 533 861 *Nisibis
555 824 594 871 [a
607 824 764 859 Lucullo
784 828 994 870 empuynata
1013 826 1107 867 179;

410 874 461 907 ibi
485 873 655 907 hiemavit
675 883 713 916 p.
735 871 833 917 191].

360 920 518 955 *Norax
543 919 709 965 [Hermis
733 923 766 953 et
785 918 984 964 Erytheiae
1008 919 1108 962 filius

408 969 457 1003 ad
483 967 698 1002 Sardiniam
722 966 820 1001 venit
839 977 877 1010 p.
900 965 974 1011 60].

361 1014 424 1050 *0.
456 1012 664 1050 Norbanus
696 1013 838 1059 [consul
874 1013 967 1048 anni
998 1015 1047 1048 83
1083 1025 1107 1048 a

409 1061 513 1097 Sulla
537 1062 653 1096 victus
673 1072 711 1105 p.
733 1063 777 1094 11
798 1064 831 1095 et
851 1060 927 1106 38].

363 1108 572 1144 *Numidia
609 1109 755 1154 [bellum
793 1120 816 1142 a
847 1107 1019 1152 Pompeio
1055 1108 1108 1142 ibi

411 1160 547 1203 yesturn
569 1167 605 1200 p.
628 1156 702 1201 12].

362 1203 454 1239 Cum
490 1202 589 1237 filius
628 1203 749 1249 Nysa,
788 1213 901 1246 quam
936 1201 1106 1247 reginam

410 1250 680 1295 appellaverat,
700 1248 849 1294 genitus
870 1248 973 1284 haud
993 1248 1106 1284 dubie

409 1299 508 1333 esset
531 1297 583 1333 IV
604 1301 659 1342 69,
680 1301 711 1333 9.

364 1391 474 1427 Omni
507 1391 632 1426 Gallia
669 1391 767 1427 inter
803 1401 905 1426 mare
939 1391 1108 1425 nostrum

409 1441 447 1475 et
467 1438 666 1475 Oceanum
685 1439 702 1473 I
720 1443 780 1483 113
807 1438 857 1473 ad
876 1437 1109 1473 occidentem

407 1486 650 1532 pergentibus
682 1486 794 1521 finem
814 1485 988 1521 ¹Oceanus
1019 1484 1110 1520 fecit

408 1534 459 1570 IV
492 1538 555 1579 69,
589 1537 649 1578 173
694 1533 867 1568 immanis
910 1533 1048 1567 formas
1089 1543 1109 1567 e

408 1581 544 1616 finibus
584 1580 722 1616 Oceani
767 1580 943 1626 appulsas
980 1580 997 1615 I
1025 1583 1109 1623 1073

408 1629 538 1674 fugam
557 1628 596 1662 in
611 1627 751 1663 Oceani
770 1627 977 1673 longinqua
993 1628 1111 1674 ayitat

409 1676 589 1712 Sertorius
613 1676 630 1710 I
651 1680 728 1711 102.

361 1725 410 1760 M.
443 1723 632 1759 Octavius
665 1723 734 1758 Cn.
767 1722 791 1758 f.
847 1722 951 1757 Idem
988 1721 1108 1756 fecere

410 1770 589 1806 Octavius
621 1772 658 1805 et
691 1770 732 1812 Q.
759 1769 897 1815 Caepio
930 1771 989 1814 (sc.
1019 1770 1107 1804 exti-

408 1822 531 1854 terwnt
549 1822 675 1853 contra
695 1819 803 1864 leyem
815 1817 1108 1862 frumentariam)

410 1867 425 1900 I
453 1869 508 1900 62.
534 1886 579 1890 -
606 1865 701 1900 *Cn
736 1863 954 1900 Octavius
988 1863 1056 1899 Cn.
1083 1863 1106 1898 f.

410 1914 550 1959 [consul
574 1924 673 1948 anno
698 1915 749 1947 87
755 1926 768 1956 ,·
809 1912 947 1947 Cinnae
971 1912 1109 1946 obstitit

409 1965 624 2005 necatusque
637 1964 687 1995 est
696 1971 734 2005 p.
750 1960 879 2006 10].—
890 1958 958 1994 Cn.
975 1957 1107 1994 Octa-

409 2007 508 2043 vius
528 2007 577 2042 M.
592 2007 617 2042 f.
639 2007 779 2053 [consul
799 2017 897 2042 anno
913 2009 960 2041 76
972 2018 1009 2051 p.
1026 2006 1108 2058 67]3

411 2054 609 2090 Octavium
627 2054 758 2089 mitem
778 2055 815 2089 et
835 2055 986 2098 captum
1004 2052 1108 2098 pedi-

409 2103 478 2136 bus
516 2102 551 2136 II
581 2105 636 2137 26.
662 2123 709 2127 -
739 2101 778 2137 L.
813 2100 1032 2136 Octavius
1072 2101 1110 2134 et

411 2150 446 2184 C.
487 2149 598 2184 Cotta
654 2148 889 2184 consulatum
938 2147 1109 2193 ingressi,

410 2207 567 2241 quorum
587 2195 765 2231 Octavius
790 2195 968 2241 languide
995 2197 1033 2230 et
1054 2194 1109 2229 in—

410 2243 553 2292 cpriosc
582 2242 655 2278 fuit
680 2244 713 2277 II
733 2247 796 2287 423
828 2243 957 2288 plebes
979 2271 985 2277 .
1004 2272 1009 2277 .
1027 2271 1032 2277 .
1055 2253 1109 2276 se-

410 2292 497 2325 cuta
540 2290 590 2325 ad
629 2289 763 2325 Octavi
801 2291 952 2325 domum
988 2290 1022 2324 11
1046 2293 1109 2333 453

411 2337 581 2374 Ciliciam
603 2336 780 2372 Octavius
804 2339 863 2383 (sc.
879 2338 1111 2383 provinciam

410 2387 562 2430 adeptus
587 2387 650 2430 est)
675 2385 710 2419 II
730 2385 831 2429 98D3
858 2385 1037 2431 [mortuus
1061 2388 1111 2419 est

409 2444 488 2469 vere
512 2432 606 2468 anni
625 2434 671 2467 74
693 2444 729 2476 p.
751 2434 822 2467 115
842 2460 849 2467 .

363 2480 432 2524 ssQ.
459 2478 700 2514 Lucretius
739 2478 812 2514 ose
849 2488 871 2514 a
902 2479 1110 2524 [Praeneste

410 2528 545 2563 obsedit
564 2539 603 2572 p.
625 2527 704 2573 11];
730 2527 784 2561 ibi
803 2525 991 2560 obsidium
1010 2525 1111 2571 cepit

410 2586 476 2620 per
502 2573 704 2609 Catilinam
728 2574 745 2608 I
763 2577 820 2608 46.

363 2621 582 2658 *elthacus
596 2623 639 2666 (Ῥ)
678 2621 900 2666 proditionis
942 2625 1111 2655 conatum

411 2671 452 2705 in
477 2669 522 2704 L.
548 2668 746 2704 Lucullum
775 2668 930 2714 suscepit
950 2679 987 2712 p.
1010 2669 1109 2714 153}

364 2717 423 2751 Ad
476 2715 684 2761 Olympum
741 2717 855 2760 atque
909 2714 1112 2749 Phaselida

410 2764 427 2798 Ι
454 2767 538 2806 129;
583 2763 699 2799 *situs
732 2763 863 2799 montis
898 2762 1112 2798 describitur

365 2859 403 2893 P.
423 2857 573 2902 Oppius
603 2858 784 2903 [quaestor
810 2857 932 2893 Cottae
951 2867 990 2901 p.
1006 2857 1109 2902 131];

414 2904 554 2950 Oppius
562 2904 765 2949 pugionem
772 2903 946 2950 expedire
955 2904 1110 2938 conatus

1047 150 1163 185 Index
1186 150 1231 186 II.

1223 255 1426 301 impeditur
1468 256 1519 290 III
1549 259 1612 299 593
1661 256 1766 293 *eius
1801 267 1920 304 opera

1223 314 1313 384 flou,
1319 315 1475 386 asprpffi
1481 304 1604 385 6&dicit
1624 303 1740 350 Cotta)
1762 314 1919 350 eumque

1251 362 1317 385 lml
1353 363 1366 385 1
1528 379 1534 386 .

1179 397 1204 433 C
1212 409 1246 433 n.
1261 397 1294 432 A
1301 410 1325 432 u
1333 397 1367 432 fi
1376 397 1452 432 diu
1461 409 1477 431 s
1492 396 1668 435 Orestes.
1682 397 1920 435 Deditionem

1223 456 1301 527 pler1
1306 495 1321 527 l
1338 444 1509 538 niffntiosl
1540 444 1720 540 ommim
1730 444 1920 492 cognitam

1333 507 1341 537 ς
1383 503 1495 528 consu
1532 504 1631 528 anno
1724 520 1731 528 .

1179 537 1318 576 Orion.
1348 540 1456 576 Ortus
1480 541 1557 575 eius
1581 539 1653 576 inc.
1681 544 1735 576 19.

1177 585 1388 623 *Oroanda
1430 588 1606 632 oppidum
1639 587 1856 624 Isaurorum
1897 599 1921 624 a

1225 633 1377 671 Servilio
1401 639 1649 681 expuynatum
1668 647 1706 680 p.
1726 635 1803 683 90].

1177 679 1290 717 Ostia
1319 694 1342 718 a
1368 683 1616 727 praedonibus
1640 683 1784 728 direpta
1806 681 1841 718 V
1863 685 1918 718 18.

1177 727 1274 764 Otus
1299 730 1401 782 yiyas
1425 731 1466 782 in
1480 729 1598 782 'Creta
1622 730 1765 775 insuat„
1779 741 1828 767 ex
1851 740 1920 776 quo

1223 787 1369 822 campi
1396 775 1490 811 Otii
1515 777 1642 812 11113.

1181 892 1359 928 Omnibus
1385 893 1480 929 citra
1504 895 1658 930 Padum
1681 895 1699 930 1
1718 898 1774 931 20.

1179 940 1227 976 M.
1243 940 1418 976 Lollius
1438 942 1671 990 Palicanus,
1690 940 1824 978 humili
1839 941 1921 978 loco

1226 987 1357 1023 Picens
1384 989 1434 1024 IV
1459 992 1522 1034 433
1556 990 1770 1036 [contionem
1798 990 1926 1026 habuit

1226 1037 1391 1072 redeunti
1416 1036 1588 1082 Pompeio
1608 1049 1647 1083 p.
1669 1037 1769 1084 172}

1178 1083 1221 1116 In
1253 1083 1530 1129 Pamphyliam
1568 1095 1607 1119 se
1643 1085 1837 1130 receperat
1866 1085 1926 1130 (sc.

1225 1131 1280 1212 pel
1322 1132 1400 1166 dux
1435 1132 1491 1166 vel
1527 1132 1653 1168 classis
1686 1132 1927 1178 praedonum)

1179 1230 1471 1275 Paphlagonia.
1520 1231 1604 1266 Tios
1628 1233 1715 1267 wrbs
1739 1232 1780 1266 in
1805 1232 1928 1267 eadem

1225 1279 1298 1359 {ga
1328 1278 1381 1312 ΠΙ
1408 1281 1468 1322 713
1500 1289 1567 1323 per
1597 1278 1665 1314 hos
1696 1277 1814 1324 Halys
1845 1277 1928 1313 fluit

1180 1377 1398 1424 Naufragiis
1430 1379 1531 1424 apud
1556 1379 1721 1415 Parium
1749 1380 1788 1414 et
1811 1378 1927 1415 Hera-

1228 1425 1349 1508 ῗξῗεὲῐξ
1373 1425 1537 1508 ῙΙῑῗΗῖιιω
1559 1425 1720 1472 optimos
1742 1455 1770 1463 ..
1789 1455 1797 1462 .
1818 1426 1927 1462 amisi

1182 1527 1354 1562 Pelorus
1362 1550 1375 1573 ,
1423 1527 1723 1572 promumtwriuan
1769 1526 1928 1572 Siciliae,

1230 1575 1366 1610 dictum
1409 1586 1432 1609 a
1469 1574 1498 1609 P
1507 1585 1526 1609 e
1535 1573 1548 1608 1
1557 1585 1577 1609 o
1586 1586 1604 1608 r
1611 1585 1632 1609 o
1641 1603 1650 1620 ,
1701 1574 1929 1612 Hannibalis

1230 1623 1468 1668 yubernatore
1492 1621 1543 1657 IV
1563 1625 1620 1657 29.
1880 1622 1885 1627 “

1180 1674 1229 1710 Μ.
1245 1675 1467 1720 Perperna.
1491 1673 1637 1721 [Socius
1657 1675 1696 1710 et
1708 1674 1928 1711 administer

1227 1721 1359 1767 Lepidi
1385 1723 1426 1757 in
1445 1722 1670 1767 Hispaniam
1683 1723 1929 1768 proficiscitur

1223 1781 1262 1815 p.
1291 1772 1359 1813 62,·
1397 1770 1447 1804 ad
1471 1769 1670 1805 Sertorium
1699 1780 1736 1805 se
1765 1771 1928 1816 applicat

1224 1829 1262 1862 p.
1290 1819 1359 1860 6⁴8,-
1392 1817 1578 1852 Valentiae
1603 1829 1627 1852 a
1652 1816 1824 1862 Pompeio
1846 1818 1926 1853 vin-

1227 1865 1324 1900 citur
1360 1876 1398 1909 p.
1431 1863 1514 1910 81];
1564 1862 1748 1900 *fiduciae
1789 1863 1926 1899 nimius

1227 1911 1262 1946 II
1287 1913 1349 1956 533
1383 1911 1592 1956 Perpernae
1617 1922 1707 1946 vera
1731 1912 1790 1947 est
1813 1911 1926 1947 aesti-

1228 1958 1366 1993 manda
1392 1957 1559 2003 (virtus.9)
1584 1958 1619 1993 H
1637 1961 1699 2002 553
1727 1957 1848 1995 Galem
1865 1970 1926 2004 op·
1947 1971 1950 1975 ·

1224 2007 1357 2051 pidum
1393 2006 1486 2051 cepit
1521 2005 1574 2040 III
1598 2008 1661 2050 433
1705 2006 1928 2052 [coniuravit

1230 2054 1270 2088 in
1293 2057 1440 2089 mortem
1459 2052 1612 2088 Sertorii
1632 2064 1668 2097 p.
1683 2055 1774 2098 142;
1799 2054 1928 2090 bellum

1229 2101 1279 2136 ad
1286 2105 1508 2146 postremum
1521 2111 1601 2135 cum
1609 2100 1780 2146 Pompeio
1791 2105 1928 2147 ⁴aestum

1224 2159 1264 2193 p.
1279 2148 1384 2194 143];
1410 2146 1556 2182 medius
1575 2146 1674 2182 inter
1692 2146 1942 2192 Tarquitium,

1230 2196 1268 2230 et
1289 2194 1481 2230 dominum
1492 2194 1718 2239 Perpernam
1735 2196 1794 2240 (sc.
1809 2196 1926 2231 discu-

1230 2243 1320 2287 buit)
1339 2242 1392 2277 ΠΙ
1406 2245 1471 2285 83;
1491 2241 1718 2287 Perpernam
1735 2242 1929 2287 cognoscit

1229 2289 1344 2324 mulio
1369 2289 1422 2324 III
1440 2292 1508 2335 85„

1182 2337 1330 2372 Bellum
1365 2337 1484 2373 Persi
1519 2335 1804 2372 Macedonicum
1844 2336 1862 2372 Ι
1887 2339 1926 2381 8;

1229 2385 1366 2419 Persen
1391 2383 1557 2429 Philippi
1587 2383 1705 2419 filium
1733 2385 1928 2438 acceptum

1230 2431 1269 2466 in
1303 2431 1413 2466 fidem
1441 2461 1447 2467 .
1472 2461 1478 2466 .
1501 2461 1507 2467 .
1534 2429 1728 2466 insomniis
1759 2431 1927 2467 occidere

1182 2526 1299 2570 Halys
1321 2507 1374 2562 ..’.
1395 2525 1537 2570 Lydiae
1562 2536 1678 2571 regna
1703 2524 1887 2561 disiunxit
1904 2536 1927 2560 a

1230 2573 1408 2609 Persicis
1433 2573 1486 2608 III
1507 2576 1560 2608 72.

1184 2620 1251 2655 Cui
1279 2631 1434 2666 regnum
1459 2620 1640 2656 Persidis
1665 2619 1806 2655 inclitis
1833 2619 1927 2655 divi-

1230 2667 1295 2702 tiis
1322 2669 1379 2703 est
1403 2667 1454 2703 IV
1474 2671 1529 2712 69,
1553 2671 1607 2705 19.

1184 2715 1242 2750 Ad
1255 2714 1454 2760 Olympum
1467 2716 1581 2759 atque
1595 2714 1808 2750 Phaselida
1820 2714 1924 2749 1129.

1185 2761 1283 2805 Quid
1319 2774 1342 2797 a
1378 2762 1538 2807 Pyrrho,
1581 2761 1794 2797 Hannibale
1831 2761 1925 2797 Phi-

1230 2809 1422 2854 lippoque
1454 2810 1492 2845 et
1516 2808 1701 2844 Antiocho
1733 2807 1926 2843 defensum

1229 2857 1246 2891 Ι
1266 2860 1322 2901 55,
1342 2860 1380 2900 43
1406 2856 1565 2891 Romani
1589 2868 1674 2891 cum
1697 2866 1783 2900 rege
1803 2855 1925 2891 Mace-

1231 2904 1368 2939 donum
1381 2903 1558 2949 Philippo
1577 2902 1718 2938 bellum
1737 2913 1925 2948 sumpsere
