1916 3178
793 148 1086 190 -13-

154 255 278 300 annis
327 254 523 311 exempla
571 253 625 296 ad
667 252 920 296 Sallustium
970 253 1191 295 referenda
1236 256 1398 309 censet,
1441 254 1556 310 quod
1598 269 1727 310 quam

0 1300 21 1343 ὁ,

0 1338 20 1410 Ξ

1 1415 15 1464 ξ.

2 1478 9 1516 Δ,
16 1486 17 1490 ,

153 326 307 372 leviter
336 327 499 370 factum
529 325 588 368 sit
618 325 731 367 infra
761 324 1021 367 edocebitur.
1057 350 1110 355 —
1144 324 1293 375 Quarti
1324 325 1594 367 Frontiniani
1626 326 1726 367 libri

154 401 373 442 auctorem
392 397 673 454 paucissimos
693 396 849 438 adiisse
870 395 1101 452 scriptores
1125 384 1263 452 neq'ue
1284 396 1535 439 Sallustium
1555 397 1727 452 quidem

153 470 312 528 legisse
336 472 451 512 recte
477 467 712 524 disputavit
731 466 942 510 Wolfflin.
973 493 1025 498 -
1057 467 1217 509 Plinii
1246 471 1441 510 auctores
1467 468 1624 523 quippe
1654 467 1727 523 qui

154 541 325 598 abipso
351 540 559 597 scriptore
585 539 799 582 indicibus
824 539 1034 582 nominati
1062 539 1160 594 sint,
1186 539 1300 581 haud
1326 540 1499 582 difficile
1525 555 1728 595 persaepe

153 615 220 657 est
250 613 508 668 discernere3
543 610 882 667 praeclarissime
921 610 1036 652 enim
1067 609 1260 667 Brunn¹)
1299 611 1619 666 demonstravit,
1643 611 1727 653 Pli-

114 677 118 680 Δ
152 685 274 728 nium
311 685 461 728 eodem
498 682 646 725 ordine
684 697 768 738 quo
807 682 852 724 in
889 682 1196 738 componendis
1233 681 1356 723 libris
1394 697 1496 724 usus
1529 682 1603 738 sit,
1635 698 1728 725 auc-

153 759 271 800 tores
308 756 354 799 in
390 755 552 799 indices
591 753 801 796 retulisse.
869 753 961 804 Qua
998 753 1095 810 lege
1132 755 1282 808 postea
1320 768 1417 795 cum
1455 753 1506 795 de
1544 754 1728 810 singulis

154 827 362 884 exemplis
399 827 657 870 disseremus
688 828 876 881 utemur3
908 824 1102 868 Sallustii
1139 839 1240 867 vero
1272 839 1430 866 nomen
1468 825 1629 867 nullius
1661 841 1727 867 ex-

153 898 276 941 hibet
306 897 408 941 libri
440 898 578 941 index.
613 923 666 928 -—
700 897 912 940 Asconii
945 897 990 939 in
1022 896 1239 939 Ciceronis
1271 896 1487 939 orationes
1519 911 1729 939 commen-

153 969 288 1012 tarios
320 969 497 1026 optimis
527 969 610 1012 niti
641 969 848 1025 fontibus,
880 969 991 1011 sicut
1024 968 1241 1011 Ciceronis
1273 968 1540 1010 orationibus
1573 968 1729 1023 epistu-

153 1041 312 1098 lisque,
343 1041 485 1098 Livio,
517 1040 740 1097 Sallustio,
776 1040 1038 1097 Fenestella,
1069 1040 1235 1095 Attico,
1275 1039 1401 1095 actis,
1433 1043 1618 1096 constat,
1651 1040 1730 1082 hac

156 1116 301 1156 autem
347 1113 401 1156 de
441 1110 581 1156 aetate
626 1113 863 1156 Asconium
902 1113 1154 1169 plerumque
1198 1112 1252 1154 ad
1294 1111 1547 1154 Sallustium
1591 1112 1729 1154 redire

153 1184 246 1228 iure
282 1184 497 1228 Wilmans
505 1183 542 1242 ²)
586 1185 845 1241 autumavit,
886 1185 994 1227 bene
1031 1184 1321 1226 Lichtenfeldt
1330 1182 1366 1241 3)
1409 1184 1729 1226 demonstravit.

152 1255 347 1299 Eandem
376 1257 466 1300 fere
498 1259 627 1312 atque
657 1256 872 1299 Asconius
909 1256 1148 1298 doctrinam
1187 1255 1418 1298 scholiasta
1455 1255 1730 1298 Bobiensis

153 1327 341 1384 exhibet,
372 1328 446 1385 qui
477 1343 566 1371 non
597 1328 736 1371 multo
767 1331 867 1384 post
899 1328 1021 1370 illum
1052 1328 1210 1370 vixisse
1242 1326 1461 1384 videtur.⁴)
1523 1326 1606 1369 Sed
1636 1327 1730 1369 tali—

154 1399 236 1443 bus
271 1400 591 1443 commentariis
630 1400 697 1442 usi
735 1403 836 1442 sunt
868 1403 1064 1442 auctores
1097 1399 1359 1442 scholiorum
1390 1414 1498 1454 quae
1530 1399 1730 1441 dicuntur

153 1470 475 1515 Ps.-Asconii
513 1475 557 1514 et
589 1471 931 1528 Gronoviana3
969 1471 1042 1527 qui
1080 1474 1194 1514 certe
1227 1471 1378 1513 iisdem
1415 1471 1609 1513 fontibus
1641 1471 1730 1513 suis

154 1542 312 1586 debent
337 1543 456 1586 locos
482 1543 676 1586 Sallustii
701 1543 936 1586 aliorumve
962 1543 1220 1598 scriptorum
1252 1542 1422 1598 saepius
1448 1542 1728 1584 laudatorum.

272 1604 622 1671 Exuperantii
649 1616 700 1657 de
727 1615 852 1658 bellis
878 1614 1076 1657 civilibus
1101 1614 1297 1657 libellum
1324 1614 1450 1670 plane
1476 1629 1498 1655 e
1525 1614 1729 1656 Sallustio

153 1699 404 1742 expressum
435 1685 770 1742 Sallustianique
804 1686 1014 1729 sermonis
1052 1685 1274 1742 particulis
1306 1686 1361 1727 ab
1393 1685 1730 1727 ineruditissimo

153 1757 340 1814 quodam
370 1757 544 1801 homine
576 1758 922 1815 conglutinatum
954 1772 1065 1812 esse,
1096 1757 1211 1813 quod
1242 1756 1327 1798 iam
1359 1757 1524 1812 pridem
1556 1757 1730 1812 quidam

155 1828 439 1885 coniecerant,
469 1828 514 1872 C.
539 1827 770 1886 Bursian-⁵)
801 1828 1140 1871 luculentissime
1166 1827 1472 1883 comprobavit.
1523 1827 1588 1869 De
1614 1827 1731 1869 Dio-

154 1899 266 1943 dori
297 1900 493 1957 denique,
525 1900 691 1943 Cassii
723 1900 924 1956 Dionis,
955 1900 1258 1955 Memnonis,
1290 1899 1445 1942 Grani
1472 1899 1729 1941 Liciniani

154 1971 350 2015 fontibus
380 1972 493 2015 infra
525 1972 701 2016 dicetur.

274 2043 358 2088 Sed
394 2044 500 2087 haec
541 2044 766 2087 hactenus:
804 2044 890 2086 iam
929 2047 1158 2100 postquam
1198 2042 1437 2101 generatim
1474 2046 1602 2099 atque
1640 2043 1730 2085 uni-

153 2129 275 2159 verse
306 2115 411 2172 quid
441 2115 493 2158 de
525 2116 783 2172 scriptorum
808 2115 1003 2158 fontibus
1034 2115 1311 2172 cogitandum
1344 2114 1412 2171 sit,
1444 2115 1731 2171 exposuimus,

155 2186 207 2229 de
239 2186 510 2244 singulorum
541 2191 765 2230 auctorum
803 2187 987 2244 singulis
1024 2187 1220 2243 partibus
1259 2202 1488 2241 earumque
1521 2187 1572 2228 de
1604 2186 1730 2228 fonti-

155 2259 237 2302 bus
268 2258 563 2302 disserendum
600 2263 683 2316 est,
720 2263 768 2302 ut
807 2259 1117 2315 repperiamus,
1154 2259 1228 2314 qui
1271 2259 1559 2314 posteriorum
1603 2258 1730 2313 scrip-

154 2333 299 2373 torum
329 2330 414 2373 loci
446 2346 469 2372 e
500 2330 677 2374 Sallusti
709 2331 904 2373 historiis
936 2331 1079 2373 hausti
1113 2331 1216 2387 sint3
1255 2330 1411 2386 quibus
1443 2330 1488 2371 in
1519 2330 1730 2385 quaestio·
1809 2358 1815 2364 -

154 2401 284 2445 nibus
323 2401 438 2444 hunc
476 2417 630 2458 sequar
667 2402 879 2458 ordinem,
918 2405 966 2444 ut
1002 2402 1190 2458 primum
1230 2417 1356 2459 agam
1401 2402 1451 2443 de
1496 2401 1730 2443 maioribus

155 2488 264 2530 quae
295 2476 399 2517 tunc
429 2474 604 2516 fuerunt
636 2474 773 2530 bellis,
805 2474 856 2516 de
888 2473 1098 2516 seditione
1129 2473 1292 2529 Lepidi,
1325 2473 1438 2515 bello
1471 2472 1730 2526 Sertoriano,

280 2618 316 2662 1)
341 2615 426 2662 „De
452 2616 649 2651 auctorum
675 2614 865 2651 indicibus
890 2615 1104 2651 Plinianis¹‘
1131 2618 1270 2662 (progr.
1295 2616 1412 2651 Bonn.
1442 2617 1558 2660 1856).

278 2677 316 2722 2)
341 2676 420 2722 „De
434 2675 603 2712 fontibus
619 2677 658 2712 et
671 2675 899 2711 auctoritate
915 2675 1048 2712 Dionis
1062 2675 1207 2711 Cassii“
1221 2675 1324 2721 (diss.
1335 2674 1496 2711 Berolin.
1509 2677 1614 2719 1835)
1627 2687 1662 2720 p.
1674 2678 1727 2710 13.

284 2736 323 2781 3)
348 2733 490 2780 „BresL
516 2734 648 2780 philol.
674 2733 888 2770 Abhandl.·‘
903 2734 948 2769 *II
974 2737 1111 2781 (1888).

272 2792 322 2841 4)
346 2794 402 2832 cf.
445 2794 637 2840 Gaumitz,
688 2806 763 2839 „zu
813 2794 899 2830 dem
941 2793 1148 2830 Bobienser
1200 2793 1540 2830 Ciceroscholiast“
1591 2797 1729 2840 (progr.

157 2853 289 2891 Dresd„
316 2857 433 2902 1884).

281 2915 317 2960 5)
342 2914 387 2950 In
411 2913 578 2951 editione
606 2925 674 2950 sua
698 2917 835 2961 (progr.
861 2914 984 2950 Turio.
1014 2916 1132 2960 1868).
