1976 3190
798 179 1067 225 Fragmentum
1092 183 1149 215 48.
1674 179 1760 222 129

186 287 391 331 censebo:
421 291 576 346 gerant
601 288 876 344 habeantque
902 303 980 330 suo
1006 288 1133 330 modo
1160 288 1353 345 imperia,
1379 292 1588 344 quaerant
1612 288 1761 332 trium·
1786 300 1826 331 18

185 358 311 416 phos,
340 359 653 416 Mithridatem,
675 359 913 403 Sertorium
939 362 983 402 et
1008 359 1212 415 reliquias
1245 360 1419 402 exulum
1446 364 1761 417 persequantur

185 444 284 474 enm
315 431 580 489 imaginibus
615 431 721 487 suis,
758 431 874 474 absit
912 431 1153 487 periculum
1190 434 1233 473 et
1264 431 1406 489 labos,
1446 432 1605 488 quibus
1642 433 1762 475 nulla

185 517 288 559 pars
326 502 494 546 fructus
535 506 610 546 est
671 502 769 546 Nisi
809 503 922 546 forte
960 503 1187 559 repentina
1225 503 1308 546 ista
1345 504 1627 547 frumentaria
1664 505 1760 562 lege
1786 516 1826 547 19

182 573 332 618 munia
371 577 515 617 vestra
551 578 806 631 pensantur3
849 590 933 630 qua
966 577 1110 617 tamen
1153 574 1296 630 quinis
1337 575 1475 618 modis
1513 576 1760 618 libertatem

109 654 113 656 ’
185 645 379 689 omnium
419 646 717 703 aestimavere,
757 646 832 702 qui
873 647 1069 702 profecto
1110 662 1198 689 non
1238 646 1426 702 amplius
1467 651 1651 703 possunt
1688 648 1762 690 ali-

185 716 344 760 mentis
375 717 568 761 carceris.
629 717 827 774 Namque
859 721 908 760 ut
946 718 1033 760 illis
1066 718 1305 775 exiguitate
1343 734 1458 761 mors
1490 720 1761 776 prohibetur,

185 791 414 832 senescunt
451 789 581 844 vires,
621 789 683 832 sic
720 804 859 845 neque
897 790 1086 832 absolvit
1123 805 1225 832 cura
1262 790 1463 832 familiari
1502 793 1591 833 tam
1629 807 1761 847 parva

185 874 255 904 res
280 863 324 904 et
349 860 495 918 ignavi
521 861 726 917 cuiusque
753 861 1027 904 tenuissimas
1053 877 1153 918 spes
1179 862 1424 904 frustratur.
1474 861 1590 912 Quae
1617 866 1761 905 tamen
1783 875 1826 905 20

119 981 124 984 ,
185 931 381 989 quamvis
419 932 566 988 ampla
605 933 810 989 quoniam
852 933 1017 976 servitii
1056 933 1246 989 pretium
1287 936 1596 990 ostentaretur,
1641 934 1762 977 cuius

184 1003 426 1060 torpedinis
457 1007 550 1047 erat
576 1005 717 1060 decipi
743 1008 787 1047 et
811 1008 1052 1048 vestrarum
1070 1020 1214 1048 rerum
1234 1006 1348 1048 ultro
1368 1005 1550 1048 iniuriae
1574 1006 1762 1063 'gratiam

184 1074 370 1118 debere?
427 1075 650 1119 cavendus
682 1076 806 1119 dolus
838 1079 921 1132 est3
951 1092 1138 1133 namque
1170 1077 1255 1119 alio
1286 1077 1414 1120 modo
1446 1093 1586 1134 neque
1618 1078 1764 1120 valent

186 1146 227 1190 in
259 1146 486 1190 universos
514 1163 654 1204 neque
687 1149 970 1191 conabuntur.
1023 1148 1175 1205 Itaque
1207 1149 1337 1191 simul
1368 1152 1620 1205 comparant
1653 1149 1764 1191 dele·
1782 1162 1825 1192 21

183 1218 377 1262 nimenta
401 1222 447 1262 et
471 1219 676 1262 differunt
702 1236 778 1263 vos
804 1220 849 1262 in
875 1221 1106 1263 adventum
1133 1220 1206 1264 Cn.
1227 1221 1437 1278 Pompeii,
1466 1236 1593 1277 quem
1619 1221 1763 1277 ipsum

183 1290 262 1334 ubi
291 1290 573 1350 pertimuere,
605 1292 826 1335 sublatum
858 1292 904 1334 in
935 1293 1121 1335 cervices
1152 1307 1270 1348 suas,
1301 1308 1403 1335 mox
1434 1293 1611 1348 dempto
1644 1296 1764 1335 metu

159 1361 384 1406 'lacerant
445 1362 600 1420 Neque
638 1379 712 1406 eos
750 1364 903 1420 pudet,
941 1364 1131 1407 vindices
1169 1364 1234 1407 uti
1267 1380 1312 1407 se
1349 1365 1495 1407 ferunt
1532 1364 1763 1421 libertatis,
1785 1377 1828 1408 22

183 1436 252 1478 tot
282 1434 411 1493 viros,
447 1435 540 1478 sine
571 1451 658 1478 uno
690 1438 766 1478 aut
796 1436 1017 1479 remittere
1050 1436 1251 1479 injuriam
1283 1451 1371 1479 non
1402 1436 1558 1479 audere
1590 1439 1665 1479 aut
1696 1437 1764 1479 ius

183 1519 274 1548 non
309 1520 438 1562 posse
476 1506 714 1550 defendere.
775 1507 885 1550 Mihi
923 1508 1097 1564 quidem
1129 1508 1234 1551 satis
1266 1511 1509 1564 spectatum
1542 1493 1608 1551 e⁰st
1639 1508 1764 1551 Pom·—
1784 1521 1829 1552 23

183 1576 342 1636 peium,
371 1579 520 1622 tantae
545 1579 709 1637 gloriae
735 1579 1064 1636 adulescentem,
1090 1580 1218 1623 malle
1245 1580 1489 1636 principem
1514 1580 1764 1622 volentibus

183 1649 310 1693 vobis
341 1664 434 1694 esse
465 1666 596 1707 quam
623 1651 711 1694 illis
738 1651 1044 1695 dominationis
1076 1652 1253 1708 socium,
1284 1655 1590 1708 auctoremque
1616 1652 1764 1708 impri—

183 1720 268 1764 mis
297 1721 390 1766 fore
422 1722 681 1766 tribuniciae
713 1724 956 1779 potestatis.

215 1843 219 1846 ‚
302 1792 478 1853 Verum,
515 1794 717 1852 Quirites,
754 1798 882 1838 antea
913 1795 1075 1853 singuli
1113 1795 1228 1838 cives
1258 1796 1305 1838 in
1342 1795 1562 1853 pluribus,
1599 1811 1687 1839 non
1719 1796 1765 1838 in
1785 1809 1830 1840 24

185 1876 272 1908 uno
313 1865 458 1909 cuncti
494 1866 711 1922 praesidia
747 1867 990 1910 habebatis.
1058 1867 1211 1924 Neque
1248 1867 1498 1910 mortalium
1536 1868 1765 1924 quisquam

183 1936 285 1980 dare
303 1939 380 1980 aut
393 1937 560 1994 eripere
579 1938 686 1980 talia
705 1954 816 1981 unus
835 1942 1020 1995 poterat.
1051 1939 1205 1995 Itaque
1225 1940 1457 1982 verborum
1477 1940 1581 1983 satis
1601 1940 1764 1982 dictum
1785 1954 1829 1986 25

183 2011 267 2066 est;
296 2023 438 2066 neque
469 2009 585 2053 enim
610 2010 857 2068 ignorantia
882 2011 1044 2054 claudit
1069 2027 1148 2068 res,
1180 2017 1339 2054 verum
1361 2011 1588 2067 occupavit
1619 2012 1764 2055 nescio
1785 2027 1829 2059 26

184 2094 294 2137 quae
312 2096 390 2125 vos
408 2082 603 2139 torpedo,
629 2098 715 2139 qua
731 2098 821 2125 non
839 2083 1230 2140 gloria'movemini
1249 2099 1388 2140 neque
1407 2084 1575 2141 flagitio
1596 2087 1764 2126 cuncta-

185 2167 268 2209 que
294 2153 513 2215 praesenti
538 2153 712 2211 ignavia
729 2154 986 2211 mutavistis,
1012 2155 1183 2197 abunde
1208 2155 1458 2198 libertatem
1477 2156 1573 2213 rati,
1601 2155 1765 2198 scilicet

301 2247 566 2285 Testimon.:
593 2251 649 2284 20.
675 2248 784 2285 Arus.
809 2261 845 2295 p.
866 2252 953 2285 488:
981 2248 1070 2284 Sall.
1098 2248 1185 2284 hist.
1206 2249 1274 2285 III:
1303 2249 1514 2285 ‘kavendus
1541 2249 1650 2285 dolus
1676 2250 1761 2285 est.’

305 2299 360 2332 25.
387 2295 523 2332 Donat.
551 2296 602 2332 ad
626 2296 775 2333 Terent.
802 2297 895 2332 Eun.
922 2297 939 2331 I
959 2301 994 2342 2,
1015 2300 1075 2333 84:
1106 2296 1326 2334 Sallustius:
1355 2298 1491 2342 ‘neque
1514 2327 1544 2334 ..
1563 2327 1569 2333 .
1592 2298 1678 2333 res.'

305 2347 361 2380 26.
389 2343 490 2380 Serv.
517 2344 567 2380 ad
592 2344 684 2381 Aen.
710 2345 728 2380 Ι
747 2348 833 2381 211:
859 2346 902 2380 ut
928 2344 1148 2382 Sallustius:
1177 2345 1338 2381 ‘scilicet
1359 2375 1365 2381 .
1383 2376 1414 2382 ..
1436 2345 1675 2381 abstinetur.’

307 2430 362 2465 18.
389 2427 498 2464 labos
540 2429 594 2464 sic
620 2428 662 2464 V.

306 2479 362 2512 19.
387 2428 526 2523 modis]]
545 2477 599 2512 sic
615 2476 716 2511 V.—
730 2475 825 2530 illis]
844 2475 925 2511 illic
944 2478 1037 2513 coui.
1052 2477 1220 2525 Madviy.
1236 2499 1283 2503 —-
1296 2477 1479 2525 absolvit]
1494 2477 1643 2513 absolvi
1662 2478 1701 2514 V
1718 2500 1762 2504 —

183 2523 316 2571 ignavi
327 2523 555 2571 cuiusque]
545 2535 675 2570 ignam
693 2523 879 2569 quiusque
897 2525 939 2578 V,
952 2536 1043 2561 corr.
1058 2525 1275 2562 Gronovius.
1288 2548 1333 2552 -—
1348 2538 1432 2572 spes
1446 2527 1665 2573 frustratur]
1680 2538 1762 2572 per-

182 2571 388 2608 frustratur
401 2572 443 2617 V,
455 2583 547 2608 corr.
561 2572 780 2616 Gronovius,
799 2571 994 2618 ignaviam
1007 2572 1186 2619 cuiusque
1200 2573 1424 2610 tenuissima
1445 2586 1509 2620 spe
1529 2586 1623 2610 com.
1640 2575 1762 2610 Orelli

304 2623 360 2656 20.
387 2620 501 2667 quae]
527 2631 602 2664 qua
621 2633 666 2656 ex
686 2620 828 2656 Faerni
848 2621 1057 2674 coniectwra
1074 2621 1681 2669 Dietsch,Jordau.—iniu1iae]
1707 2621 1763 2656 in-

183 2666 283 2704 iuria
308 2667 352 2713 V,
375 2679 467 2705 corr.
489 2668 611 2712 Kritz,
637 2667 738 2703 ultra
763 2667 941 2703 iniuriam
968 2669 1210 2715 Οοηιανεπαε,
1235 2669 1359 2706 inulta
1384 2670 1524 2705 iniuria
1551 2670 1762 2717 Malim—-

185 2715 375 2752 cavendus
401 2715 511 2751 dolus
537 2717 594 2751 est
615 2721 698 2762 post
723 2716 960 2752 conabuntur
984 2717 1026 2752 iu
1052 2718 1094 2762 V,
1119 2720 1347 2764 transposuit
1373 2719 1505 2754 Faber.

304 2767 361 2800 23.
387 2763 644 2799 restituendae
665 2769 750 2810 post
774 2763 976 2809 potestatis
1001 2766 1087 2802 add.
1108 2766 1268 2802 Dietsch.

305 2815 362 2848 24.
388 2811 605 2847 mortalium
625 2811 841 2859 quisquam]
867 2811 1067 2858 quisquam
1090 2813 1308 2849 mortalium
1332 2815 1472 2850 mavult
1498 2814 1700 2851 Weinhold.

305 2862 362 2896 25
388 2859 535 2913 claudit
559 2860 634 2907 res]
659 2861 712 2896 sic
737 2860 923 2905 Donatus,
947 2871 1006 2896 res
1032 2860 1178 2896 claudit
1205 2863 1244 2897 V.

185 2953 290 2992 sem
305 2911 361 2943 26.
387 2906 519 2991 nelsiciq=1
541 2908 675 2992 quae}
687 2907 814 2943 nescio
839 2919 915 2953 qua
942 2908 983 2952 V,
1014 2920 1104 2946 corr.
1134 2910 1274 2945 Carrio.
1315 2931 1358 2935 —-
1397 2909 1544 2946 scilicet
1574 2909 1680 2958 quia]
1712 2912 1765 2947 sic

289 2966 345 3000 us,
371 2966 426 2991 sci
458 2967 500 2991 ce
543 2967 601 2992 om
673 2985 680 2991 .

258 3022 494 3056 Sallustius,
516 3022 848 3049 ed.Maurenbreche1-.
874 3023 914 3048 11.
1457 3022 1477 3053 9
