1976 3190
273 176 355 217 158
749 175 903 211 Sallusti
928 176 1177 212 Historiarum
1202 178 1266 214 lib.
1287 179 1347 214 IV.
1385 155 1389 164 ’

911 389 1115 435 ‹JAPUT
1155 389 1187 435 Ι.

452 489 543 532 Res
576 491 712 533 annis
741 490 926 533 72—70
956 492 1007 534 in
1038 490 1152 534 Asia
1182 491 1363 547 gestae,
1396 491 1460 535 fr.
1490 491 1655 536 1—19.

270 588 412 627 Insunt
443 588 489 626 fr.
520 591 536 625 1
575 591 615 626 et
649 591 699 627 17
735 589 781 628 de
813 590 930 628 rebus
961 590 1136 641 urbanis,
1169 590 1215 628 de
1247 591 1298 628 M.
1330 591 1490 628 Luculli
1520 591 1624 631 bello
1657 592 1840 633 Thracio·

902 655 947 694 fr.
979 657 1030 694 18
1058 657 1098 693 et
1127 657 1191 693 19.

895 820 898 823 .
923 776 1170 812 Euan-atio.

387 851 512 894 Anno
548 853 601 894 72
641 852 834 893 consules
873 852 1046 893 fuerunt
1083 851 1128 894 L.
1165 851 1327 893 Gellius
1365 852 1586 907 Poplicola
1623 853 1696 896 On.
1729 853 1827 897 Cor-

268 923 406 964 nelius
425 923 634 964 Lentulus
655 922 895 977 Clodianus⁷
922 937 1103 977 quorum
1131 922 1201 964 hic
1226 923 1366 979 legem
1392 924 1505 979 tulit,
1530 927 1578 966 ut
1602 924 1646 981 ii,
1671 925 1828 981 quibus

271 993 483 1035 bonorum
509 993 828 1048 publicatorum
854 993 1041 1047 pretium
1067 993 1287 1035 remiserat
1313 993 1442 1050 Sulla,
1473 998 1574 1037 tunc
1604 1011 1751 1038 rursus
1782 996 1825 1038 in

226 1064 479 1106 laerarium
518 1064 561 1105 id
597 1064 804 1105 referrent
848 1063 922 1120 (fr.
956 1063 1015 1120 l);
1059 1064 1178 1106 cuius
1221 1065 1330 1121 legis
1373 1080 1460 1107 non
1503 1066 1692 1121 perlatae
1733 1067 1826 1110 loco

269 1150 369 1177 mox
402 1138 575 1176 senatus
608 1134 802 1176 consulto
841 1149 917 1176 suo
956 1135 1101 1176 eadem
1134 1135 1329 1177 decrevit.
1365 1161 1414 1166 —-
1451 1136 1534 1178 Sed
1564 1137 1828 1179 Mithridatis

269 1206 427 1262 elassis,
460 1221 566 1261 quae
593 1221 703 1248 anno
736 1208 860 1247 antea
886 1205 939 1246 ad
962 1205 1131 1247 Italiam
1157 1205 1495 1262 Hispaniamque
1521 1208 1713 1263 profecta
1737 1211 1828 1250 erat

270 1280 312 1317 et
350 1277 469 1318 cuius
506 1280 673 1332 partem
710 1276 914 1319 Lucullus
952 1276 997 1318 in
1034 1277 1140 1318 mari
1176 1276 1323 1334 Aegeo
1361 1278 1590 1335 devicerat,
1628 1279 1748 1321 brevi
1785 1281 1827 1321 et

268 1348 599 1403 tempestatibus
639 1348 798 1390 afflicta
839 1351 881 1389 et
921 1363 946 1389 a
982 1347 1186 1389 Romanis
1228 1348 1434 1403 dissipata
1474 1353 1557 1405 est,
1601 1349 1705 1405 quin
1742 1349 1827 1405 ipsi

272 1406 409 1460 duces*
432 1418 568 1476 (velut
599 1419 644 1461 L.
677 1419 865 1461 Fannius
904 1422 946 1460 et
976 1418 1301 1475 Metrophanes)
1340 1419 1499 1462 ‘tamen
1536 1420 1736 1462 ultimum
1772 1421 1826 1462 ad

269 1490 485 1532 Romanos
529 1491 699 1545 prodito
742 1505 793 1532 ex
826 1504 981 1546 magna
1022 1493 1144 1544 parte
1175 1490 1425 1532 Mithridate
1461 1491 1694 1534 redierunt’
1731 1491 1824 1550 (Ps.

223 1562 247 1601 2
269 1560 447 1603 Ascon.
480 1561 539 1603 ad
570 1561 707 1604 Verr.
735 1561 777 1603 II
815 1565 855 1618 1,
882 1563 935 1604 87
970 1576 1010 1616 p.
1046 1562 1123 1604 183
1139 1560 1226 1617 Or.‚
1267 1562 1372 1603 adde
1404 1563 1459 1605 fr.
1486 1561 1544 1619 2).
1605 1563 1828 1618 Reliquias
1967 1571 1976 1611 ἱ,

269 1646 368 1674 vero
413 1632 558 1674 classis
595 1632 785 1674 Triarius
828 1633 880 1674 ad
918 1631 1134 1673 Tenedum
1178 1632 1361 1674 insulam
1405 1634 1574 1689 excepit
1605 1630 1666 1676 'ac
1702 1633 1829 1689 plane

222 1704 248 1744 3
269 1703 425 1745 delevit
457 1703 531 1761 (fr.
560 1702 617 1760 3).

388 1774 469 1816 Sed
506 1774 551 1816 L.
589 1774 793 1816 Lucullus
835 1775 974 1817 hieme
1018 1776 1070 1817 ad
1106 1775 1302 1818 Amisum
1345 1775 1553 1831 oppidum
1595 1779 1689 1818 acta
1730 1790 1828 1819 vere

269 1845 369 1886 anni
397 1847 450 1888 72
478 1845 522 1887 in
554 1845 757 1888 interiora
781 1845 950 1888 Pontici
977 1847 1099 1903 regni
1125 1862 1379 1904 progressus
1405 1847 1457 1887 ad
1483 1846 1681 1889 Cabiram
1707 1847 1829 1902 oppi-

271 1916 370 1958 dum
414 1916 496 1958 iter
531 1917 651 1974 fecit,
695 1917 769 1958 ubi
807 1917 1079 1959 Mithridates
1121 1933 1213 1960 cum
1257 1917 1445 1959 exercitu
1483 1917 1620 1960 denuo
1657 1932 1830 1973 congre-

270 1991 371 2044 gato
410 1989 671 2030 constiterat.
734 1988 825 2038 Quo
858 2004 953 2031 cum
985 1990 1248 2044 pervenisset
1281 1989 1496 2044 equitatus
1526 1988 1829 2045 Romanorum,

272 2059 346 2113 qui
379 2059 421 2100 in
454 2059 678 2114 planitiem
716 2060 1006 2115 descenderat,
1045 2075 1141 2102 cum
1171 2060 1363 2102 Ponticis
1401 2074 1652 2116 congressus
1689 2059 1828 2102 victus

221 2130 250 2170 4
270 2133 334 2170 est
373 2127 450 2186 (fr.
484 2129 551 2187 4);
603 2145 686 2185 qua
729 2133 967 2172 commotus
1012 2131 1129 2172 clade
1171 2130 1375 2172 Lucullus
1419 2132 1591 2185 apertos
1634 2129 1829 2185 latosque

271 2214 443 2254 campos
499 2200 734 2242 evitaturus
792 2202 1066 2257 hostiumque
1120 2202 1285 2256 equites
1342 2201 1503 2243 veritus
1558 2201 1603 2242 in
1662 2203 1830 2243 montes

269 2285 488 2327 regressus
521 2274 597 2327 est,
626 2287 726 2313 mox
760 2275 903 2314 tamen
934 2273 1027 2315 loco
1060 2276 1154 2314 tuto
1187 2287 1315 2328 super
1345 2272 1543 2314 Oabiram
1575 2272 1658 2314 sito
1690 2274 1829 2314 castra

223 2343 250 2384 5
270 2342 416 2397 posuit
447 2341 521 2399 (fr.
549 2341 595 2399 ὃ)
633 2343 931 2398 proeliumque
971 2359 1097 2399 quam
1136 2344 1319 2385 maxime
1358 2343 1559 2400 defugere
1591 2342 1828 2385 constituit.

269 2412 329 2455 At
359 2412 637 2454 nihilominus
670 2413 789 2455 brevi
822 2417 921 2468 post
953 2414 1165 2456 militibus
1191 2414 1446 2469 quibusdam
1471 2429 1550 2469 per
1574 2428 1718 2455 casum
1743 2413 1827 2455 sibi

271 2483 592 2525 occurrentibus
631 2498 731 2525 mox
772 2499 917 2540 pugna
958 2499 1132 2527 accensa
1173 2487 1255 2539 est,
1296 2499 1379 2540 qua
1418 2484 1605 2540 primum
1644 2483 1825 2539 Pontici,

269 2557 362 2596 tum
396 2569 493 2596 vero
518 2554 696 2596 Lucullo
729 2555 1007 2596 subveniente
1033 2555 1214 2597 Romani
1246 2555 1469 2597 victoriam
1501 2557 1828 2610 reportaverunt

270 2626 420 2684 (Plut.
457 2626 568 2668 Luc.
607 2626 723 2668 e.15
763 2625 860 2667 inde
901 2641 925 2666 a
965 2627 1144 2681 γνώμην
1184 2624 1264 2682 μὲν
1305 2624 1387 2669 οὖν
1424 2626 1654 2683 οὐδέτερος
1698 2622 1827 2682 εἶχεν,

166 2698 203 2752 6,
226 2699 247 2739 7
271 2698 376 2739 adde
413 2698 468 2738 fr.
497 2699 522 2739 6
561 2700 604 2738 et
637 2695 693 2754 7).
754 2696 918 2738 Eodem
954 2697 1035 2738 hoc
1072 2700 1266 2752 tempore
1299 2696 1504 2740 Olthacus
1536 2696 1695 2752 Scytha
1731 2711 1826 2751 pro-

271 2768 447 2810 ditionis
479 2783 604 2810 causa
635 2767 688 2808 ad
717 2767 943 2808 Lucullum
980 2767 1232 2823 transfugit,
1269 2770 1317 2809 ut
1355 2782 1452 2810 eum
1490 2767 1716 2823 occideret,
1753 2766 1827 2809 sed

271 2853 295 2879 a
327 2842 493 2894 conatu,
525 2854 621 2880 cum
647 2852 747 2879 casu
773 2837 955 2892 quodam
981 2836 1273 2894 impediretur,
1304 2837 1513 2880 abscessit
1538 2837 1687 2895 (Plut.
1713 2836 1824 2879 Luc.

272 2910 405 2965 016,
448 2909 673 2951 Frontin.
702 2907 742 2950 II
773 2910 818 2964 5,
845 2905 931 2963 30).
974 2933 1021 2937 —-
1063 2906 1152 2949 Iam
1192 2908 1331 2950 hieme
1371 2910 1519 2949 exorta
1558 2907 1761 2949 Lucullus
1803 2922 1825 2949 e
