1976 3190
301 173 357 213 96
395 201 402 205 ,
785 171 940 207 Sallusti
964 170 1214 208 Historiarum
1238 173 1303 208 lib.
1325 173 1369 208 11.

299 279 362 320 illi
390 277 560 336 quiffibus
586 280 702 320 aetas
727 278 944 322 imbellior
968 283 1012 322 et
1039 280 1317 337 vetusgtat<e>
1342 268 1407 322 vis
1431 280 1720 325 Romanorum
1737 281 1856 342 mill}-

258 362 277 392 5
298 352 391 390 tum
429 348 601 404 cognita
641 352 749 405 erat,
793 365 947 406 cupere
976 351 980 406 Ι
1009 366 1175 408 paoem,
1219 351 1291 394 sed
1335 350 1594 394 conscientia
1635 350 1858 411 nolxarum

298 421 499 476 metuere,
523 434 577 461 ne
603 419 713 462 datis
741 421 746 476 Ι
774 421 903 464 armis
927 436 1027 464 mox
1054 425 1197 464 tamen
1221 420 1424 480 extre1ma
1448 422 1572 464 victis
1597 425 1857 478 paterentur.

235 503 276 533 10
296 489 428 547 In}ter
465 505 572 545 quae
608 491 777 546 trepida
815 491 1076 550 eunotiquue
1119 493 1164 535 in
1208 505 1340 535 unum
1383 493 1647 536 tumultuose
1683 491 1860 552 001118111-

297 561 491 603 tantibus
516 561 720 604 Servilius
749 562 930 619 futilem
956 563 1215 606 deditionem
1246 567 1377 621 ratus,
1405 565 1410 619 Ι
1437 564 1482 606 ni
1507 567 1648 607 metus
1671 567 1858 623 urgeret,

235 644 275 675 15
297 631 347 673 de
379 630 626 689 improssviso
657 636 864 690 montem,
903 648 956 676 ex
989 649 1072 689 quo
1103 634 1149 676 in
1177 635 1181 691 Ι
1209 634 1310 691 iuga
1341 634 1491 690 oppidi
1522 634 1599 677 teli
1629 634 1858 695 eoniee'ltus

297 705 405 758 erat,
449 703 673 758 occupavit
710 719 876 747 sacrum
904 705 909 760 Ι
936 704 1065 746 Matri
1103 720 1300 762 magnae3
1344 708 1387 747 et
1425 705 1470 748 in
1507 720 1557 748 eo
1594 704 1859 765 credebatur

232 786 276 818 20
296 773 460 828 epulari
504 774 655 817 diebus
697 775 837 832 oersstis
881 776 976 831 dea,
1025 775 1145 818 euius
1189 778 1279 818 erat
1322 776 1373 818 de
1414 775 1617 835 nolmine,
1666 777 1857 820 exaudiri

297 859 472 887 sonores
498 879 626 889 .....

412 950 455 985 D.
496 950 673 986 Columna
709 956 850 996 quarta.
881 973 928 976 —
959 955 990 986 3.
1018 951 1185 987 Secunda
1222 953 1396 998 tertiaque
1422 951 1519 998 (ΑΕ)
1549 964 1624 989 non
1654 957 1780 990 certae.
1809 974 1856 980 -—

294 996 497 1044 imbellior]
529 997 679 1033 ibellior
703 999 750 1042 A,
781 1000 842 1034 sed
871 1000 1047 1034 incertum
1071 999 1087 1033 I
1119 1011 1169 1034 art
1193 999 1223 1033 T
1247 1001 1373 1044 prima
1403 998 1524 1035 littera
1547 1001 1605 1036 sit.
1637 1021 1684 1026 —
1715 1003 1747 1036 6.
1773 1001 1854 1048 sed]

295 1046 333 1079 et
352 1044 399 1088 A,
418 1046 479 1080 eui
495 1046 648 1089 fortasse
668 1046 733 1080 sed
753 1058 776 1081 a
794 1058 908 1081 marm
926 1057 990 1081 sec.
1010 1047 1292 1091 superscriptum
1311 1051 1371 1090 est,
1394 1048 1432 1082 et
1445 1047 1601 1092 Hauler,
1620 1049 1678 1083 set
1695 1048 1850 1084 Jordan.

294 1113 340 1116 —
368 1095 422 1127 10.
449 1093 615 1127 extrema
634 1092 760 1139 vietis]
786 1092 878 1128 vieti
899 1094 1043 1137 Hartel,
1069 1095 1252 1128 extremas
1271 1093 1372 1129 vices
1390 1094 1543 1130 Jordan.
1570 1116 1614 1120 —
1641 1099 1695 1131 11.
1721 1095 1852 1142 unum]

294 1150 367 1174 uno
393 1139 441 1183 A,
470 1141 623 1183 fortasse
652 1152 742 1176 corr.
768 1141 843 1175 iam
867 1152 998 1176 marius
1021 1152 1085 1177 see.
1125 1161 1169 1166 —
1209 1145 1261 1176 12.
1296 1140 1490 1188 Servilius]
1523 1140 1717 1177 Serbilius*
1735 1141 1782 1178 A.
1805 1150 1854 1168 ⁶—-

293 1186 471 1232 futJtilem
496 1187 541 1222 A.
570 1209 614 1213 —
642 1191 696 1223 14.
723 1187 913 1232 inproviso
938 1188 984 1224 A.
1013 1209 1057 1214 -—-
1091 1191 1145 1224 16.
1171 1187 1277 1235 iuga]
1302 1188 1431 1234 fugam
1451 1189 1505 1233 A,
1529 1200 1619 1225 corr.
1639 1189 1854 1235 Mommsen,

293 1233 414 1268 forum
439 1236 530 1270 corii.
552 1235 713 1278 Hauler,
744 1246 877 1280 rugam
904 1236 962 1280 (ef.
989 1236 1056 1280 fre.
1087 1235 1138 1271 ‘la
1162 1236 1259 1281 rue')
1291 1237 1344 1271 vel
1368 1235 1496 1271 infima
1521 1237 1716 1282 Biieheler,
1746 1238 1855 1283 terga
1902 1260 1904 1262 ψ

297 1281 335 1316 O.
357 1281 580 1326 Hirschfeld,
599 1282 755 1317 fundam
775 1282 917 1326 Hartel,
943 1281 1072 1317 fanum
1091 1283 1368 1327 Domaszewski,
1386 1283 1427 1318 in
1447 1283 1639 1329 superiora
1661 1283 1701 1320 O.
1723 1283 1852 1320 Md-

292 1329 380 1364 rieh.
412 1349 459 1354 ——
491 1333 545 1364 19.
572 1329 726 1365 Decima
757 1331 887 1375 quinta
910 1329 942 1364 D
969 1331 1095 1375 potius
1126 1341 1234 1375 quam
1259 1330 1288 1364 B
1320 1335 1387 1366 aut
1416 1330 1464 1375 P,
1495 1330 1652 1366 excitari
1680 1330 1854 1377 precibus

293 1377 384 1411 corti.
412 1377 588 1421 Wo'lffliri.
615 1398 659 1402 —
686 1377 812 1423 certis]
841 1377 955 1412 dertis
975 1377 1011 1412 A
1035 1389 1081 1413 m.
1102 1389 1183 1422 pr„
1208 1389 1298 1413 corr.
1324 1389 1368 1413 m.
1389 1389 1453 1414 sec.
1481 1399 1525 1404 —-
1551 1382 1606 1414 20.
1633 1378 1720 1425 dea]
1745 1377 1855 1414 deam

293 1423 329 1457 A
359 1435 404 1459 m.
426 1435 504 1468 pr„
538 1423 578 1458 Μ
609 1425 766 1460 litteram
794 1426 944 1469 punctis
978 1425 1155 1469 appositis
1191 1425 1317 1460 delevit
1350 1437 1394 1460 m.
1430 1437 1495 1461 sec.
1526 1446 1574 1451 -
1609 1425 1656 1460 de
1688 1424 1854 1473 nomine]

292 1470 443 1505 numine
469 1472 560 1506 corti.
589 1472 767 1516 Wo'lffliri,
793 1472 943 1515 Hartel,
967 1471 1118 1506 nomine
1143 1471 1318 1507 invocato
1344 1473 1601 1519 interpretatus
1625 1477 1676 1509 est
1699 1472 1856 1518 Hauler,

292 1519 454 1563 equidem
483 1523 636 1554 moritem
666 1520 863 1555 subiectum
893 1530 964 1554 esse
994 1520 1089 1555 vocis
1120 1520 1201 1554 erat
1236 1520 1402 1564 habeam,
1439 1519 1500 1555 cui
1529 1530 1665 1555 nomen
1695 1521 1777 1556 erat
1807 1520 1854 1557 de

291 1565 441 1600 nomine
468 1566 571 1602 deae.
599 1587 642 1591 —-
675 1570 730 1602 21,
758 1566 942 1613 exaudiri]
975 1565 1144 1601 exauditi
1175 1567 1266 1602 corii.
1297 1567 1335 1602 Ο.
1357 1567 1577 1612 Hirschfeld.
1597 1587 1644 1593 —
1667 1567 1854 1604 Postrema

292 1613 341 1647 ad
364 1614 471 1649 ‘verba
495 1625 584 1649 rium
603 1615 786 1658 pertineat
808 1615 906 1649 loeus
930 1626 954 1649 a
973 1614 1096 1650 Nonio
1119 1615 1292 1649 laudatus
1316 1613 1560 1660 exaudirique
1579 1625 1692 1650 sonus
1709 1614 1857 1650 Bacha-

291 1659 496 1705 naliorum,
518 1662 738 1706 per-dubium
762 1662 852 1697 mihi
875 1662 1035 1698 videtwr:
1066 1662 1130 1707 qui
1155 1661 1341 1698 Macrobii
1364 1673 1382 1698 e
1405 1662 1607 1698 testimonio
1631 1663 1738 1699 tertio
1761 1662 1854 1699 libro

292 1707 348 1752 (fr.
370 1707 422 1742 III
440 1710 500 1754 31)
527 1709 759 1745 adscribitur.
1771 1721 1774 1724 ·

411 1784 575 1823 Oomm.
631 1785 834 1824 Proelium
858 1786 988 1836 prima
1014 1786 1263 1835 secundaque
1289 1785 1506 1838 fragmenti
1530 1785 1715 1825 columna
1740 1798 1852 1826 enar-

290 1846 426 1882 ratum
456 1845 537 1882 tale
570 1857 664 1896 esse,
695 1847 743 1882 ut
767 1845 930 1883 Isaurae
955 1845 1111 1883 Veteris
1141 1845 1294 1884 incolae
1325 1845 1367 1883 in
1397 1845 1597 1884 Romanos
1629 1844 1852 1884 obsidentes

291 1903 540 1953 eruptionem
559 1904 746 1955 facerent,
765 1904 927 1954 putavit
944 1904 1106 1942 Hauler.
1149 1904 1225 1943 Sed
1245 1904 1303 1942 ita
1323 1905 1452 1943 ortam
1471 1916 1555 1943 esse
1572 1917 1752 1956 pugnam
1770 1903 1850 1943 exi-

291 1962 421 2013 stimo,
446 1964 494 2001 ut
519 1965 559 2001 et
584 1963 762 2001 subsidia
788 1963 997 2003 solvendae
1024 1963 1238 2002 obsidionis
1263 1976 1385 2002 eausa
1408 1963 1587 2013 profecta
1605 1962 1806 2003 Romanos
1825 1976 1850 2002 a

290 2023 402 2073 tergo
423 2024 464 2060 et
482 2022 559 2072 ipsi
579 2023 768 2072 oppidani
788 2036 811 2061 a
830 2019 960 2062 fronte
977 2022 1107 2061 adorti
1127 2022 1216 2073 sint,
1238 2022 1345 2072 quod
1358 2022 1520 2061 Caesari
1531 2022 1709 2062 Alesiam
1726 2034 1851 2073 oppu-

290 2081 431 2131 gnanti
462 2081 649 2120 accidisse
681 2084 822 2121 notum
854 2084 923 2121 est.
973 2082 1134 2120 Etenim
1164 2081 1294 2120 verbis
1319 2082 1436 2120 simul
1458 2083 1650 2130 utrimque
1672 2091 1853 2131 pugnam

289 2141 481 2188 oeeipimit
525 2154 605 2179 non
645 2141 844 2180 Romanos
891 2141 1084 2180 contineri
1130 2140 1356 2190 insequenti
1398 2139 1626 2180 narratione
1667 2139 1850 2192 efficitur,

289 2199 419 2237 dietus
438 2199 565 2250 igitur
589 2202 650 2238 est
673 2202 843 2251 uterque
862 2201 1094 2239 Isaurorum
1119 2199 1324 2238 exereitus.
1374 2199 1485 2239 Idem
1513 2199 1696 2250 sequitur
1719 2199 1850 2240 verbis

290 2260 420 2297 ceteris
443 2259 541 2307 fuya
563 2262 645 2297 tuta
668 2260 747 2307 fuit
769 2261 910 2298 incerto
935 2261 1055 2298 noetis
1081 2262 1115 2297 et
1136 2262 1238 2298 metu
1262 2259 1509 2304 insidiarum,
1536 2271 1639 2310 quae
1664 2258 1712 2298 de
1737 2258 1851 2310 oppi-

289 2317 402 2356 danis
434 2317 511 2356 dici
541 2331 621 2356 non
651 2331 765 2368 posse
797 2332 868 2368 per
899 2331 938 2357 se
969 2318 1221 2370 intelligitur.

405 2377 464 2415 De
495 2377 659 2416 Isaurae
684 2377 841 2416 Veteris
873 2377 1075 2416 obsidione
1108 2390 1223 2429 agere
1256 2378 1378 2416 etiam
1402 2377 1640 2416 Frontinum
1667 2376 1731 2416 [H
1758 2379 1795 2428 7,
1823 2379 1843 2416 1

287 2436 435 2487 proleg.
463 2431 576 2489 (fasc.
602 2431 640 2489 I)
672 2450 709 2486 p.
738 2439 790 2476 69
825 2437 1020 2476 contendi.
1069 2437 1126 2475 At
1157 2437 1325 2476 eundem
1356 2437 1504 2488 locum,
1543 2449 1622 2486 quo
1655 2435 1848 2476 Servilius

287 2495 449 2533 flumine
470 2508 607 2534 averso
627 2495 760 2534 hostes
779 2496 830 2533 ad
849 2496 1090 2535 deditionem
1115 2495 1183 2537 siti
1210 2495 1446 2546 compulisse
1468 2491 1667 2546 narratur,
1696 2494 1851 2534 Hauler

288 2555 338 2592 ad
363 2554 525 2593 Isaurae
550 2555 687 2593 Novae
714 2555 1050 2606 expugnationem
1073 2555 1242 2606 rettulit,
1276 2554 1442 2594 Sterreti
1466 2553 1589 2606 Angli
1618 2553 1846 2594 testimonio

288 2615 525 2665 commotus,
564 2613 634 2664 qui
664 2613 845 2652 Isauram
875 2614 1061 2653 Veterem
1091 2614 1134 2652 in
1164 2615 1298 2653 monte
1330 2614 1425 2665 alto,
1462 2613 1528 2652 oui
1563 2625 1670 2652 nune
1700 2609 1845 2652 ‘Assar

286 2669 418 2721 Dayh'
444 2686 587 2712 nomen
612 2673 750 2724 fertur,
777 2673 896 2711 sitam
922 2673 1156 2723 duobusque
1181 2672 1359 2712 fontibus
1386 2672 1610 2722 praeditam
1628 2671 1703 2710 tali
1725 2671 1843 2711 modo

287 2732 376 2781 capi
389 2744 502 2781 posse
516 2732 696 2783 negavit3
715 2745 843 2782 neque
863 2732 978 2783 enim,
999 2733 1069 2782 qui
1088 2731 1397 2783 praeterflueret,
1416 2731 1583 2771 fluvium
1603 2731 1842 2770 altissimum

287 2791 446 2829 omnino
487 2791 660 2830 derivari
705 2804 830 2841 posse.
903 2791 1049 2830 Contra
1096 2791 1291 2841 quadrare
1330 2804 1414 2829 rem
1454 2790 1505 2828 ad
1542 2789 1708 2829 fiumina¹
1750 2789 1842 2841 duo,

286 2849 390 2888 inter
430 2863 532 2900 quae
570 2863 674 2890 nova
705 2850 799 2888 urbs
836 2850 914 2888 sita
945 2852 1058 2901 esset,
1096 2849 1288 2900 exposuit.
1350 2849 1541 2888 Attamen
1579 2848 1727 2888 mirum
1755 2848 1840 2887 fore

286 2921 422 2947 casum
453 2909 680 2962 iudiearem,
719 2910 751 2948 si
781 2911 997 2959 utrumque
1036 2909 1226 2958 oppidum
1263 2908 1464 2948 simillimo
1500 2907 1617 2949 modo
1649 2904 1844 2962 ‘egestate

1958 949 1976 1094 suth-anfi
1956 862 1976 942 fimus
1944 666 1976 854 ha-Asstafflssssae.
1966 605 1976 652 n
1964 583 1974 598 ,ε
1952 560 1974 575 '1
1971 550 1973 553 Α
1971 537 1973 542 .
