1976 3190
270 159 327 201 54
767 157 922 193 Sallusti
947 157 1198 193 Historiarum
1223 157 1287 193 lib.
1309 157 1334 193 Ι.

270 267 375 311 vulyo
395 266 436 300 in
455 265 613 299 Donato
641 285 686 288 —
712 263 820 310 satis]
847 275 903 299 om
934 265 1088 300 Nonius.
1114 286 1160 290 -
1186 265 1411 310 competere]
1438 264 1600 308 Nonius,
1629 264 1659 300 O
1677 264 1832 310 Donati,

272 313 481 357 compotem
506 312 611 357 vulyo
638 312 679 346 in
705 311 865 355 Donato,
890 312 935 356 cf.
967 312 1048 347 Tac.
1074 313 1155 347 hist.
1183 312 1256 346 III
1278 314 1334 346 73.

391 388 554 425 (jomm
623 387 656 425 Ε
696 364 825 425 verbis
862 388 918 426 sic
954 399 1042 426 vero
1079 388 1169 427 elici
1206 389 1338 438 potest
1372 387 1588 438 hominem,
1627 387 1697 438 qui
1734 387 1833 428 adeo

274 446 470 485 attonitus
489 445 612 484 fuisse
632 446 789 497 dicitur,
815 448 949 485 tamen
969 447 1068 485 alias
1089 447 1211 485 animi
1230 447 1472 498 linguaeque
1493 458 1587 485 sane
1611 447 1835 497 compotem

274 506 408 543 fuisse.
483 504 597 551 Quod
646 518 736 544 cum
786 505 836 543 ad
885 507 1080 545 oratorem
1131 506 1343 556 praecipue
1394 505 1590 555 quadrare
1639 505 1835 558 videatur,

274 564 471 619 Kritaium
497 564 610 614 sequi
635 564 764 616 iubeo,
797 564 868 614 qui
885 565 930 603 L.
951 564 1188 614 Septimium
1217 565 1370 603 dictum
1394 577 1477 603 esse
1502 564 1709 616 intellexit,
1740 577 1836 614 eun-

276 624 375 674 dem,
408 623 454 661 de
482 636 560 673 quo
588 622 723 662 Cicero
748 637 819 674 pro
845 624 1002 662 Vareno
1029 624 1076 662 fr.
1101 626 1154 663 10
1180 624 1254 662 ait:
1289 620 1451 662 ‘etenim
1476 625 1536 662 est
1560 623 1611 662 ad
1635 623 1677 663 L.
1704 621 1837 663 Crassi

276 682 546 732 eloquentiam
577 683 710 734 gravis
741 684 781 721 et
811 683 1020 723 vehemens
1052 685 1092 722 et
1120 678 1336 733 volubilis'3
1367 695 1495 733 neque
1526 695 1620 722 vero
1653 694 1754 733 opus
1778 684 1839 722 est

276 741 388 781 nobis
420 755 548 792 neque
581 742 740 780 omnino
771 741 877 793 licet,
909 742 950 780 id
981 742 1088 792 quod
1113 742 1224 780 Kritz
1255 742 1396 793 voluit,
1429 740 1628 781 Ciceronis
1659 741 1762 780 illud
1791 741 1839 781 de

278 801 470 851 Septimio
508 801 701 839 iudicium
741 801 857 850 quasi
894 814 965 851 per
1002 800 1204 853 εἰρωνείαν
1247 801 1398 840 dictum
1442 801 1630 851 accipere.
1695 800 1839 851 Itaque

278 860 458 910 suspicor
476 860 517 898 in
542 860 613 898 lite
641 859 778 909 aliqua
805 854 887 913 (vel
912 860 1080 899 forsitan
1106 860 1148 898 in
1167 855 1370 914 contione)
1396 859 1440 898 L.
1461 859 1700 910 Septimium
1724 859 1842 899 illum

279 921 412 969 partes
445 919 581 970 egisse,
614 921 703 956 tum
727 932 820 958 vero
846 919 1034 958 accidisse
1062 933 1145 958 rem
1171 919 1360 971 aliquam,
1394 932 1474 969 qua
1504 931 1743 970 magnopere
1774 919 1841 958 ille

281 978 412 1017 subito
446 978 632 1016 turbatus
663 980 735 1016 est.

377 1116 665 1168 Fragmenta
696 1115 822 1159 sedis
855 1116 1210 1169 sententiaeque
1241 1116 1451 1160 incertae
1485 1114 1748 1159 137—153.

403 1198 582 1241 Incertis
613 1198 821 1255 assignari
854 1199 1165 1254 quodammodo
1197 1202 1391 1256 possunt,
1423 1214 1530 1255 quae
1561 1199 1687 1242 modo
1718 1199 1844 1255 posui

283 1272 524 1327 fragmenta
558 1270 642 1313 135
674 1272 717 1311 et
753 1271 852 1325 1363
890 1285 939 1311 ea
971 1285 1078 1325 quae
1111 1285 1211 1312 mox
1243 1270 1474 1312 succedunt
1505 1270 1845 1336 secundum-res,

285 1342 336 1383 de
369 1341 526 1397 quibus
558 1340 671 1383 dicta
702 1355 794 1383 esse
825 1340 1034 1396 videntur,
1066 1340 1278 1383 distribui.

403 1411 512 1454 Sunt
544 1414 705 1454 autem:
737 1414 784 1454 de
814 1413 932 1454 rebus
962 1412 1136 1454 urbanis
1167 1412 1223 1454 fr.
1255 1413 1355 1468 1373

405 1485 453 1525 dc
483 1484 601 1525 rebus
632 1484 679 1525 in
706 1483 876 1536 proeliis
903 1483 1027 1536 yestis
1057 1482 1113 1523 fr.
1145 1483 1363 1539 138-403

408 1555 458 1596 de
500 1554 629 1596 rebus
667 1568 775 1609 quae
812 1554 859 1595 iii
896 1553 1172 1595 obsidionibus
1209 1552 1410 1595 accidisse
1447 1553 1645 1596 videntur
1680 1554 1736 1597 fr.
1765 1555 1843 1598 141

292 1627 453 1668 —144·

409 1659 462 1738 aci
491 1697 729 1738 universam
764 1697 826 1737 rei
861 1695 1032 1738 bellicae.
1056 1697 1256 1738 rationem
1288 1698 1484 1751 spectant
1515 1697 1571 1738 fr.
1603 1696 1850 1753 145—1483

409 1770 627 1822 postremo
665 1768 828 1808 restant
865 1767 1029 1809 minora
1062 1768 1298 1821 fraymenta
1334 1771 1454 1822 atque
1482 1768 1732 1822 perobsowra
1765 1768 1848 1812 149

293 1840 449 1882 —153.

415 1943 521 1988 137.
572 1944 642 1986 Ea
667 1944 863 1999 paucis,
890 1944 1076 1999 quibus
1102 1944 1295 1999 peritia
1321 1947 1369 1986 et
1393 1959 1566 1987 verum
1590 1945 1852 2003 ingenium

298 2019 394 2073 est,
426 2015 789 2058 abnuentibus.

414 2121 519 2165 App.
571 2120 600 2165 (I
621 2124 686 2155 111
702 2120 745 2165 D,
774 2123 840 2154 102
854 2119 898 2163 K,
927 2123 969 2154 79
984 2119 1026 2164 G,
1052 2119 1121 2165 Ip.
1143 2123 1209 2155 381
1225 2120 1299 2166 ΒΓ.)
1325 2142 1371 2146 -
1397 2120 1496 2156 Serv.
1523 2120 1650 2165 (schol.
1670 2120 1778 2166 Dan.)
1804 2121 1853 2156 ad

296 2169 387 2204 Aen.
407 2168 475 2202 XII
495 2171 573 2203 694.
595 2172 606 2212 n
625 2168 697 2214 est]
724 2169 822 2202 esset
847 2168 938 2203 coni.
966 2167 1086 2211 Kritz,
1112 2169 1193 2202 erat
1218 2168 1375 2204 Dietsch.

417 2245 582 2283 Comm.
644 2243 775 2282 Verba
806 2244 903 2282 haec
935 2245 1007 2281 aut
1038 2257 1084 2282 ex
1116 2244 1368 2283 oratiuncula
1405 2244 1542 2295 aliqua
1579 2245 1741 2295 sumpta
1771 2255 1855 2284 esse

299 2306 370 2342 aut
405 2325 454 2330 —
491 2303 597 2353 quod
633 2303 731 2341 mihi
769 2302 928 2352 quidem
964 2304 1167 2352 praestare
1203 2303 1363 2342 videtur
1399 2325 1453 2330 -—
1491 2303 1617 2354 ipsius
1654 2303 1856 2354 scriptoris

300 2363 538 2402 sententiam
575 2362 755 2400 exhibere
794 2374 888 2400 voce
927 2364 982 2400 est
1017 2362 1328 2414 demonstratur,
1372 2375 1494 2413 quam
1529 2363 1669 2402 tollere
1705 2362 1855 2402 coniec-

300 2422 403 2461 turis
434 2421 533 2460 nihil
565 2423 625 2459 est
657 2434 735 2470 quo
768 2433 967 2471 cogamur.

423 2522 530 2567 138.
592 2522 804 2564 Obviam
835 2522 907 2564 ire
941 2526 989 2564 et
1022 2523 1262 2565 commori
1292 2523 1543 2566 hostibus.

421 2628 526 2672 App.
577 2627 607 2671 (I
626 2630 670 2662 89
683 2627 727 2671 D,
754 2626 856 2671 MK,
885 2631 950 2661 123
965 2627 1007 2671 G,
1033 2628 1066 2662 II
1090 2640 1125 2672 p.
1146 2631 1216 2662 428
1229 2627 1303 2673 ΒΥ.)
1327 2649 1374 2653 —-
1397 2627 1502 2663 Arus.
1529 2639 1564 2672 p.
1585 2630 1664 2663 462.

425 2722 532 2767 139.
593 2722 725 2778 Equi
775 2723 883 2765 sine
933 2723 1225 2765 rectoribus
1274 2723 1516 2766 exterriti
1566 2725 1653 2765 aut
1695 2723 1855 2766 saucii

305 2797 700 2837 consternantur
719 2828 727 2835 .
748 2827 756 2835 .
777 2828 785 2835 .
807 2828 815 2836 .

425 2899 529 2943 App.
580 2898 609 2943 (Ι
629 2871 674 2933 9ss
687 2897 730 2943 D,
758 2901 802 2932 98
815 2898 859 2943 K,
887 2902 953 2933 104
968 2897 1010 2943 e,
1035 2898 1052 2932 1
1076 2910 1111 2944 p.
1133 2902 1200 2933 572
1214 2899 1288 2945 ΒΥ.)
1319 2920 1365 2924 -
1394 2898 1613 2934 Prisc.V111
1638 2898 1684 2944 (H
1707 2910 1743 2944 p.
1763 2900 1857 2945 436).
1895 2942 1898 2943 ⁷
