1976 3190
221 341 263 372 10

221 694 262 726 15

218 1051 263 1083 20

202 1408 262 1446 ,25

219 1765 264 1797 30

222 2119 265 2151 35

222 2474 266 2506 40

289 149 375 185 XVI
917 146 1202 184 PRAEFATIO.

291 257 512 300 cuniarum
556 255 802 312 parricidali
845 255 1074 299 collatione
1118 255 1289 299 ditatur.
1358 255 1431 298 sed
1473 261 1604 312 nunc,
1648 255 1750 300 lioet
1792 255 1850 300 sit

291 328 433 370 omnia
474 328 665 370 facinora
696 327 788 369 eius
826 342 1072 370 enumerare
1109 327 1303 383 difficile,
1345 341 1480 382 pauca
1510 328 1655 369 tamen
1685 334 1865 371 enumo-'

290 399 493 455 rabimus,
524 402 574 441 ut
599 414 651 441 ex
681 398 778 440 istis
809 398 896 441 vim
927 398 1072 440 fatalis
1103 398 1372 440 necessitatis
1404 412 1624 454 agnoscas.
1685 399 1848 454 septem

289 470 408 512 milia
453 470 610 512 civium
652 473 900 513 nostrorum
937 470 983 512 in
1019 469 1158 512 medio
1192 470 1289 512 sinu
1320 469 1440 511 urbis
1470 469 1634 512 Romae
1671 467 1849 512 Sullana

289 541 654 584 animadversione
686 541 945 584 ceciderunt:
976 540 1084 582 mihi
1116 541 1255 598 crede,
1290 540 1411 583 nulla
1442 540 1508 583 vis
1539 540 1643 598 alia,
1679 540 1851 583 nullum

287 615 561 667 peccatorum
591 613 810 669 meritum,
840 612 961 654 nulla
992 612 1167 654 deorum
1197 612 1419 668 voluntas,
1460 611 1534 654 sed
1563 611 1753 654 fatorum
1781 625 1852 655 ne-

289 684 466 726 cessitas
509 684 638 727 istam
674 683 994 727 multitudinem
1026 683 1214 726 Sullanis
1252 683 1450 725 manibus
1485 682 1677 740 impegit.
1737 683 1852 739 quod

287 770 401 797 nunc
431 758 558 811 putas
590 771 683 798 esse
712 755 917 798 iudicium
924 790 935 811 7
974 769 1100 810 quem
1131 754 1312 797 rationis
1351 754 1561 811 ordinem,
1596 756 1646 796 ut
1675 754 1750 797 ille
1780 757 1853 810 qui

287 841 556 882 numquam
580 827 682 869 fuit
713 841 899 868 memor
930 840 1080 867 sexus
1107 825 1202 882 sui,
1232 826 1304 879 qui
1328 825 1441 867 ultra
1465 826 1852 870 commendationem

284 899 447 953 qratiae
480 899 659 952 puerilis
698 899 845 941 aetatis
881 911 1002 940 senex
1044 897 1219 940 exoletus
1250 898 1295 939 in
1339 897 1479 940 aliena
1519 900 1648 940 aetate
1688 897 1853 953 flagitia

289 970 469 1024 eorporis
507 970 724 1021 detinebat,
765 970 879 1011 vitiis
915 969 1096 1012 obsessus
1126 967 1321 1010 Romana
1356 968 1615 1025 gubernaret
1645 968 1852 1024 imperia?

289 1042 397 1084 hunc
439 1041 665 1084 sciebamus
713 1041 759 1083 in
794 1043 1018 1094 praeturae
1053 1040 1249 1094 petitione
1291 1040 1501 1092 deiectum,
1550 1041 1618 1083 cui
1655 1041 1854 1096 yrwvissi-

289 1127 381 1155 mus
421 1112 668 1171 Censorinus
705 1113 811 1155 veris
848 1126 897 1154 ac
931 1112 1066 1166 firmis
1103 1111 1428 1154 accusationibus
1462 1111 1662 1166 spoliatae
1683 1113 1854 1166 provin-

289 1185 377 1227 ciae
407 1185 562 1227 crimen
597 1184 758 1226 obiecit:
796 1184 867 1237 qui
898 1183 1051 1237 leyatus
1088 1183 1186 1226 bello
1227 1181 1427 1225 Cimbrico
1463 1183 1668 1237 deyeneris
1698 1183 1853 1227 animi

290 1255 472 1297 timore
520 1258 756 1310 prostratus
804 1254 1164 1309 imperatorem
1212 1253 1427 1295 Marium
1476 1255 1524 1295 et
1573 1253 1852 1297 Romanum

290 1326 506 1381 reliquit
556 1325 847 1368 exercitum.
907 1325 946 1367 is
995 1340 1092 1367 cum
1136 1324 1205 1367 1113
1248 1324 1383 1366 tantis
1431 1324 1696 1380 pollueretur
1743 1325 1853 1369 infa-

288 1397 405 1454 miis,
436 1397 593 1455 regalis
624 1399 774 1452 postea
805 1396 1043 1438 maiestatis
1076 1395 1331 1438 auctoritate
1364 1395 1588 1438 decoratus
1619 1395 1852 1440 exercitum

288 1471 486 1511 nostrum
516 1468 562 1510 in
597 1467 817 1523 dispendia
850 1470 999 1509 nostra
1037 1467 1258 1509 convertit.
1292 1493 1347 1496 —
1379 1466 1588 1509 Permitte
1621 1466 1850 1510 11111111οΠ-

289 1540 409 1596 giore
435 1539 628 1582 oratione
649 1538 925 1582 Sullanorum
951 1538 1159 1580 scelerum
1183 1538 1389 1594 replicare
1415 1537 1677 1596 discrimina3
1709 1538 1852 1582 omnia

290 1611 403 1654 enim
433 1611 538 1653 haec
569 1611 622 1653 ad
653 1610 958 1666 disputationis
989 1625 1107 1652 meae
1137 1610 1338 1652 meritum
1370 1609 1662 1666 conferentur,
1693 1609 1731 1652 si
1760 1609 1854 1666 plu-

289 1681 410 1724 rimis
436 1681 772 1724 infortuniorum
804 1681 1032 1739 generibus
1057 1681 1224 1738 integre
1256 1696 1304 1723 ac
1334 1680 1555 1723 verissime
1585 1680 1718 1723 fuerit
1744 1681 1853 1724 fato-

290 1769 386 1795 rum
415 1753 648 1796 necessitas
680 1753 901 1808 explicata.
961 1753 1151 1795 iussione
1183 1752 1359 1795 SuHana
1397 1751 1612 1807 Sulpicius
1651 1751 1852 1795 tribunus

290 1824 430 1880 plebis
461 1823 728 1880 parricidalis
759 1822 975 1879 praecepti
1005 1823 1190 1865 nefanda
1229 1822 1594 1866 animadversione
1624 1837 1852 1878 percussus

292 1898 369 1939 est.
431 1910 516 1950 quo
547 1895 714 1952 flagitio
745 1895 971 1950 tyrannica
1002 1898 1044 1937 et
1076 1895 1282 1937 scelerata
1313 1894 1403 1937 eius
1445 1893 1656 1949 cupiditas
1686 1893 1853 1936 imbuta

292 1966 462 2009 omnia
506 1966 654 2009 statim
692 1966 800 2008 sine
837 1965 1011 2021 aliqua
1048 1965 1374 2008 dubitatione
1410 1979 1596 2023 genera
1636 1964 1854 2008 crudeli-

291 2037 422 2079 tatis
455 2037 702 2094 exercuit,
731 2039 780 2079 ut
807 2039 849 2079 et
875 2037 1100 2079 effrenatas
1132 2037 1287 2079 animi
1318 2036 1398 2078 sui
1429 2035 1744 2091 cupiditates
1774 2051 1852 2092 per

293 2108 382 2151 dies
414 2108 609 2165 singulos
648 2108 822 2151 civilis
855 2107 1125 2165 sanguinis
1155 2107 1405 2164 profusione
1438 2106 1666 2150 satiaret.
1726 2121 1850 2163 prae-

292 2179 404 2222 torio
436 2179 541 2235 viro,
572 2179 731 2221 minori
763 2179 925 2222 scilicet
950 2179 1100 2236 Mario,
1132 2179 1206 2234 qui
1236 2179 1393 2221 iudicio
1420 2177 1612 2220 omnium
1636 2177 1744 2221 bene
1767 2193 1853 2222 me-

292 2250 402 2292 ritus
443 2250 494 2292 de
534 2265 579 2291 re
610 2250 783 2305 publica
826 2250 1069 2306 videbatur,
1113 2249 1290 2292 Sullana
1332 2249 1520 2292 iussione
1564 2249 1692 2292 elisa
1735 2252 1852 2292 sunt

291 2320 436 2376 prius
468 2335 632 2376 crura,
665 2320 814 2362 deinde
840 2320 1001 2363 deiecta
1027 2320 1078 2362 de
1104 2323 1221 2363 statu
1247 2320 1438 2376 corporis
1463 2319 1638 2362 brachia
1661 2320 1851 2363 humeris

293 2393 419 2433 tenus
451 2391 661 2433 dissoluta
693 2391 953 2447 ceciderunt,
989 2391 1117 2434 tertio
1150 2394 1371 2447 amputata
1401 2391 1550 2448 lingua
1579 2405 1727 2434 vocem
1757 2391 1854 2434 reli-

294 2463 387 2519 quit
417 2463 464 2505 in
493 2462 708 2518 faucibus,
742 2462 795 2504 ad
824 2465 1089 2518 postremum
1121 2462 1238 2504 omni
1274 2462 1464 2518 corporis
1493 2463 1616 2518 parte
1651 2461 1852 2505 mutilata¹

296 2533 427 2590 oculi,
465 2533 539 2588 qui
576 2533 749 2576 fuerunt
788 2536 1049 2589 spectatores
1081 2536 1123 2575 et
1162 2534 1432 2591 superstites,
1470 2535 1702 2591 egeruntur
1732 2536 1775 2576 et
1805 2533 1852 2576 in

294 2607 386 2647 tam
417 2606 601 2662 angusto
645 2619 822 2660 corpore
859 2619 884 2646 a
922 2604 1087 2646 nefario
1130 2604 1296 2659 patriae
1335 2603 1531 2647 carnifice
1561 2606 1630 2647 tot
1660 2607 1762 2648 sunt
1790 2603 1853 2648 in·-

295 2678 423 2719 venta
466 2675 678 2732 supplicia
720 2678 763 2717 et
799 2675 872 2718 vix
915 2676 1056 2716 anima
1095 2676 1229 2718 tantis
1275 2675 1519 2719 volneribus
1562 2678 1738 2733 erogata
1774 2678 1852 2733 est,

297 2762 393 2789 cum
429 2747 530 2789 hinc
565 2747 663 2789 inde
701 2746 896 2790 damnis
933 2746 1229 2789 fluentibus
1257 2746 1503 2790 minutatim
1546 2745 1723 2802 spiritus
1766 2761 1853 2789 car-

225 2829 269 2860 45
295 2820 477 2874 peretur.
540 2818 614 2860 sed
643 2818 827 2860 forsitan
855 2817 965 2860 circa
997 2816 1113 2860 solos
1138 2819 1254 2861 viros
1285 2818 1387 2861 talis
1412 2820 1476 2861 est
1507 2817 1693 2859 feritatis
1717 2820 1854 2860 atro-

298 2888 453 2930 citate
508 2891 786 2946 grassatus.
847 2903 942 2931 ecce
995 2888 1042 2930 in
1094 2889 1457 2944 proscriptionum
1509 2887 1671 2930 tabulis
1721 2888 1851 2931 etiam
