1976 3190
735 150 964 196 Fragmenta
991 153 1141 186 73—77.
1669 147 1726 189 33

272 258 349 306 77.
399 260 578 304 Oratio
609 259 847 316 Philippi
879 259 930 301 in
961 261 1154 302 senatu.

270 331 460 375 Maxime
489 332 657 389 vellem,
694 333 842 388 patres
873 330 1121 386 conscripti,
1159 344 1250 372 rem
1282 329 1502 384 publicam
1535 328 1726 384 quietam
1750 339 1767 370 1

153 408 247 448 esse
276 406 353 447 aut
384 404 430 447 in
461 404 665 460 periculis
695 418 721 446 a
751 402 1080 459 promptissimo
1114 416 1286 457 quoque
1318 401 1507 455 defendi,
1545 399 1727 455 denique

150 489 286 533 prava
310 475 484 532 incepta
515 474 836 519 consultoribus
860 489 1000 517 noxae
1026 488 1136 529 esse3
1170 473 1243 515 sed
1268 475 1417 515 contra
1443 471 1729 514 seditionibus

153 547 296 591 omnia
326 547 504 590 turbata
535 549 637 591 sunt
669 549 712 590 et
744 547 799 589 ab
832 546 903 603 iis,
942 561 1050 602 quos
1088 544 1322 601 prohibere
1360 544 1500 602 magis
1539 543 1730 599 decebat,

151 620 373 676 postremo
401 634 512 675 quae
537 618 715 676 pessimi
748 621 791 661 et
823 616 1071 660 stultissimi
1104 616 1339 672 decrevere,
1371 631 1420 658 ea
1445 615 1573 658 bonis
1599 617 1642 656 et
1669 629 1731 657 sa-

87 695 90 696 ’
153 689 380 747 pientibus
411 690 604 734 facienda
635 693 747 733 sunt.
808 689 923 733 Nam
954 688 1120 732 bellum
1145 690 1275 743 atque
1308 702 1437 743 anna,
1470 701 1731 742 quamquam
1751 699 1771 729 2

145 761 278 806 vobis
315 762 466 819 invisa,
501 765 647 805 tamen
685 761 786 818 quia
817 760 982 817 Lepido
1023 760 1198 816 placent
1240 759 1446 802 sumenda
1485 760 1603 813 sunt,
1645 757 1730 799 nisi

150 833 264 877 forte
295 833 364 876 cui
395 848 547 890 pacem
578 835 797 890 praestare
836 835 879 875 et
917 832 1082 875 bellum
1119 830 1213 887 pati
1245 830 1473 873 consilium
1505 831 1582 871 est.
1644 828 1730 871 Pro
1751 842 1771 872 3

151 905 196 949 di
226 905 344 963 boni,
375 905 455 962 qui·
482 905 593 948 hanc
623 905 778 948 urbem
810 904 969 948 omissa
1001 919 1102 946 cura
1133 903 1272 946 adhuc
1303 902 1471 960 tegitis:
1502 901 1559 943 M.
1588 899 1732 943 Aemi-

150 977 248 1035 lius,
285 977 479 1020 omnium
509 976 827 1034 flagitiosorum
865 979 1130 1032 postremus,
1169 974 1244 1031 qui
1282 974 1406 1030 peior
1443 989 1498 1016 an
1534 971 1733 1030 ignavior

151 1048 210 1092 sit
252 1047 483 1091 deliberari
531 1063 620 1090 non
663 1050 828 1106 potest,
878 1047 1117 1090 exercitum
1161 1045 1470 1102 opprimendae
1513 1043 1732 1087 libertatis

150 1120 286 1164 habet
317 1123 361 1163 et
391 1135 437 1163 se
470 1120 551 1177 <e>
582 1123 833 1176 contempto
866 1119 1145 1162 metuendum
1178 1117 1337 1160 effecit:
1375 1132 1452 1160 vos
1489 1118 1732 1159 mussantes

152 1194 197 1235 et
244 1194 528 1236 retractantes
576 1192 723 1234 verbis
773 1194 817 1234 et
866 1194 1015 1234 vatum
1065 1189 1329 1233 carminibus
1373 1203 1525 1245 pacem
1568 1187 1732 1244 optatis

153 1263 294 1322 magis
331 1279 462 1320 quam
499 1264 730 1307 defenditis
766 1279 907 1320 neque
946 1262 1202 1320 intellegitis
1240 1260 1426 1304 mollitia
1463 1261 1734 1303 decretorum

143 1335 279 1379 ‘vobis
309 1335 580 1393 dignitatem,
612 1335 676 1378 illi
702 1338 867 1388 metum
894 1334 1072 1377 detrahi.
1130 1333 1276 1389 Atque
1308 1332 1352 1374 id
1382 1332 1495 1374 iure:
1528 1331 1732 1388 quoniam
1752 1343 1774 1374 4

152 1422 206 1450 ex
235 1407 401 1464 rapinis
427 1407 710 1463 consulatum,
743 1407 799 1450 ob
833 1406 1090 1449 seditionem
1121 1404 1390 1461 provinciam
1416 1418 1514 1446 cum
1541 1403 1732 1446 exercitu

150 1479 338 1536 adeptus
369 1482 447 1535 est,
485 1479 590 1535 quid
620 1478 693 1521 ille
712 1479 782 1525 ob
816 1479 927 1521 bene
959 1478 1074 1521 facta
1106 1476 1305 1532 cepisset,
1343 1475 1465 1519 cuius
1496 1475 1732 1518 sceleribus

150 1553 275 1594 tanta
304 1550 497 1607 praemia
527 1550 775 1594 tribuistis?

270 1621 332 1666 At
363 1622 529 1666 scilicet
560 1637 634 1666 eos
666 1622 741 1678 qui
773 1621 826 1664 ad
864 1624 1134 1678 postremum
1171 1635 1307 1676 usque
1345 1619 1531 1677 legatos,
1570 1634 1732 1675 pacem,
1753 1630 1773 1662 5

152 1693 424 1738 concordiam
464 1697 508 1737 et
545 1693 629 1736 alia
672 1693 969 1736 huiuscemodi
1015 1693 1312 1747 decreverunt,
1357 1690 1543 1748 gratiam
1587 1691 1642 1732 ab
1682 1705 1732 1733 eo

152 1766 390 1822 peperisse!
445 1765 585 1808 Immo
618 1765 810 1821 despecti
844 1767 887 1807 et
912 1764 1082 1822 indigni
1107 1756 1153 1807 re
1178 1763 1355 1820 publica
1379 1762 1522 1805 habiti
1547 1762 1731 1818 praedae

152 1837 247 1882 loco
279 1837 575 1896 aestimantur,
608 1837 772 1894 quippe
804 1839 924 1879 metu
956 1851 1107 1892 pacem
1131 1837 1391 1892 repetentes,
1424 1848 1510 1890 quo
1534 1833 1733 1876 habitam

154 1909 396 1954 amiserant.
449 1909 665 1967 Equidem
696 1924 721 1951 a
746 1908 963 1965 principio
996 1923 1095 1951 cum
1118 1907 1342 1950 Etruriam
1368 1905 1604 1962 coniurare,
1636 1920 1733 1964 pro-
1753 1918 1773 1949 6

151 1981 339 2038 scriptos
369 1981 558 2040 arcessi,
581 1981 890 2039 largitionibus
921 1995 1014 2023 rem
1051 1979 1274 2036 publicam
1310 1977 1488 2021 lacerari
1519 1977 1732 2034 videbam,

153 2053 458 2097 maturandum
501 2054 714 2110 putabam
758 2055 802 2095 et
840 2052 982 2095 Catuli
1020 2051 1200 2095 consilia
1237 2066 1335 2094 cum
1372 2049 1522 2106 paucis
1560 2052 1732 2092 secutus

154 2139 269 2182 sum3
305 2128 496 2168 ceterum
533 2124 599 2167 illi
638 2124 713 2181 qui
750 2124 894 2182 gentis
924 2123 1136 2167 Aemiliae
1169 2123 1280 2166 bene
1311 2123 1426 2165 iacta
1463 2121 1733 2164 extollebant

274 2289 540 2328 Testimon.:
567 2293 600 2327 5.
626 2290 734 2328 Arus.
754 2302 790 2336 p.
810 2280 908 2327 4802'
926 2288 1000 2326 Sal.
1020 2289 1109 2326 hist.
1130 2289 1164 2326 I:
1193 2289 1247 2325 ‘et
1271 2287 1421 2334 indigni
1445 2298 1486 2324 re
1510 2287 1692 2334 publica)

274 2447 381 2502 App.
433 2446 465 2493 (I
489 2446 598 2492 481),
626 2449 670 2481 51
684 2445 734 2492 K,
759 2457 795 2492 p.
817 2448 862 2481 99
876 2444 919 2491 G,
951 2445 968 2480 Ι
992 2458 1027 2492 p.
1055 2449 1124 2480 412
1138 2445 1216 2490 Br.;
1242 2444 1386 2480 Jordan
1405 2443 1463 2480 ed.
1485 2447 1516 2480 3.
1543 2455 1579 2489 p.
1602 2444 1695 2489 114.)
1721 2443 1732 2490 Η

158 2499 188 2532 1.
216 2493 385 2543 defendi]
412 2493 564 2530 defeadi
594 2494 634 2530 V.
660 2515 706 2520 —
730 2494 865 2547 prava]
890 2504 1009 2539 parva
1035 2493 1076 2537 V,
1102 2504 1194 2529 corr.
1219 2492 1351 2528 Aldus.

275 2546 309 2579 3.
335 2541 475 2581 omissa
495 2543 600 2596 cura]
621 2541 760 2577 amissa
779 2552 884 2576 cuna
903 2542 996 2577 coni.
1018 2541 1164 2587 Haupt,
1190 2539 1330 2576 obnixa
1350 2550 1440 2575 cura
1460 2539 1593 2586 Beryk,
1618 2536 1732 2573 nimis

157 2601 328 2631 securam
346 2590 484 2636 Kraut,
509 2590 618 2626 vobis
639 2600 786 2625 sacram
804 2588 952 2634 Sehdne,
979 2588 1118 2624 omissa
1144 2599 1234 2624 cura
1252 2589 1385 2624 vatum
1404 2586 1581 2622 carminis
1602 2586 1732 2632 Lanqe

158 2639 232 2684 (vd.
251 2639 394 2684 infra);
417 2639 499 2675 iwre
518 2638 759 2683 defenderunt
780 2636 936 2673 Gerlach
959 2641 993 2673 et
1013 2636 1134 2682 Kritz,
1159 2648 1241 2673 eum
1259 2637 1384 2672 urbem
1403 2636 1499 2670 iusto
1517 2634 1733 2670 securiorem

155 2686 362 2733 vituperari
384 2697 430 2723 ex
449 2687 542 2732 ipsis
561 2697 652 2732 quae
670 2689 843 2721 secuntum
860 2685 977 2721 verbis
996 2685 1207 2729 efficeretur.
1230 2705 1274 2710 —-
1296 2694 1334 2719 se
1355 2683 1391 2731 e]
1413 2682 1669 2727 secontempto
1691 2681 1732 2725 V,

156 2735 196 2770 et
227 2744 274 2770 ex
303 2734 398 2770 coni.
430 2733 584 2770 Lomken
610 2754 658 2759 -—
694 2731 940 2780 carminibus]
973 2731 1150 2768 carminis
1183 2732 1224 2775 V,
1261 2730 1386 2767 verbis
1418 2740 1551 2775 pacem
1589 2728 1731 2774 optatis

155 2780 279 2828 magis
298 2792 414 2827 quam
430 2781 528 2830 (re)
550 2779 755 2817 defenditis
768 2780 910 2827 Lanye,
926 2781 1160 2827 transpositis
1177 2780 1324 2816 vocibus
1342 2779 1475 2814 vatum
1494 2776 1671 2813 carminis
1691 2777 1734 2813 in

275 2830 282 2837 '
323 2841 378 2866 em
401 2830 616 2867 sententiam
641 2829 822 2874 deletoque
847 2829 894 2864 et.

265 2881 313 2914 ·5.
340 2877 390 2913 ab
416 2877 477 2932 eo]
502 2877 626 2912 habeo
656 2876 695 2912 V.

277 2929 309 2961 6.
336 2926 491 2972 arcess1]
517 2923 660 2961 accersi
689 2924 728 2960 V.

229 2991 464 3026 Sallustius,
485 2991 531 3018 ed.
550 2990 817 3017 Maurenbrecher.
843 2990 883 3015 11.
1424 2986 1445 3015 3
