1976 3190
259 184 350 226 122
735 184 889 221 Sallusti
914 184 1163 222 Historiarum
1185 185 1252 222 lib.
1273 187 1333 222 111.
1388 229 1395 235 ³

255 299 410 347 ceptam
451 309 551 346 esse3
596 299 635 335 et
674 296 751 346 ipsi
790 297 936 336 milites
976 298 1135 337 Luculli
1175 283 1426 337 severitatem
1470 299 1655 349 quamvis
1694 311 1811 352 aegre

258 358 424 394 ferentes
455 357 613 394 tantum
646 356 793 394 afuisse
824 356 1010 395 videntur
1041 370 1065 396 a
1095 357 1331 407 proditionis
1366 360 1524 409 conatu,
1555 359 1603 396 ut
1631 359 1695 398 vel
1725 359 1810 398 elu-

255 415 392 453 derent
422 415 526 466 regis
557 415 723 454 consilia
752 415 986 466 litterasque
1017 417 1159 455 nuntio
1191 418 1347 466 ereptas
1377 416 1634 456 remitterent.

375 505 482 550 34²³.
543 505 607 547 Et
639 519 788 548 onere
820 507 1039 549 turrium
1070 507 1286 549 incertis
1316 506 1543 550 navibus.

280 646 303 680 d
330 574 591 681 AAppmgIII
616 598 724 643 231),
757 602 801 633 24
815 599 864 644 Κ,
901 603 945 635 58
961 599 1008 644 G,
1040 600 1073 634 II
1098 612 1132 646 p.
1155 603 1221 634 105
1235 599 1310 645 Br.)
1343 621 1387 625 —
1420 599 1518 636 Serv.
1546 599 1674 645 (schol.
1701 600 1810 646 Dan.)

255 658 276 680 a
362 657 418 681 en.
547 675 553 681 .

373 709 538 749 Comm.
598 711 731 749 Naves
761 711 938 749 turribus
965 713 1128 749 onustas
1154 711 1203 749 ad
1229 700 1417 761 Cyzicum
1446 711 1647 762 appulisse
1676 725 1811 763 regem

254 770 381 808 fusius
413 771 551 808 narrat
581 769 790 820 Appianus
821 770 953 808 Mithr.
981 783 1010 808 c.
1036 771 1217 809 73—74.

374 860 449 905 35.
509 861 687 903 Manus
718 861 915 902 ferreas
946 863 995 902 et
1026 860 1129 902 alia
1166 860 1360 902 adnexu
1393 860 1576 903 idonea
1605 860 1809 904 inicere.

356 930 477 998 ΠΑΡῙ).
528 953 593 998 (ΠΙ
613 957 655 988 21
670 953 714 998 D,
742 956 785 987 22
800 953 842 998 Κ,
871 957 914 988 92
929 952 986 998 G.)
1013 975 1056 979 —
1082 953 1188 989 Arus.
1214 965 1250 998 p.
1270 956 1350 989 487.

372 1017 535 1057 Comm.
609 1016 791 1068 Cyziceni
834 1017 1047 1069 significati
1088 1019 1199 1069 sunt,
1244 1018 1314 1068 qui
1356 1018 1559 1057 machinas
1603 1019 1814 1059 adversum

253 1077 411 1117 moenia
443 1077 624 1116 admotas
652 1076 818 1115 diruunt
843 1079 964 1127 atque
990 1077 1097 1115 intra
1122 1089 1256 1116 muros
1282 1076 1456 1128 rapiunt,
1489 1077 1537 1116 cf.
1563 1077 1666 1128 App.
1693 1091 1724 1118 c.
1747 1080 1812 1118 74.

373 1167 448 1212 36.
498 1167 728 1222 Saxaque
755 1167 989 1224 ingentia
1014 1170 1063 1209 et
1095 1168 1246 1210 orbes
1271 1182 1361 1210 axe
1392 1168 1558 1211 iuncti
1588 1183 1679 1224 per
1702 1183 1817 1224 pro-

252 1254 367 1281 num
387 1237 743 1280 incitabantur
768 1238 1053 1294 axibusque
1080 1238 1375 1281 eminebant
1393 1238 1446 1281 in
1470 1239 1668 1283 modum
1687 1239 1813 1283 erici

252 1309 711 1366 militarisyeruta
742 1309 916 1352 binum
949 1310 1141 1365 pedum.

369 1402 474 1448 App.
526 1402 590 1447 (III
611 1406 654 1437 22
668 1402 712 1447 D,
739 1405 784 1437 23
798 1402 842 1446 Κ,
870 1406 914 1437 56
925 1402 968 1447 Gr,
994 1403 1010 1437 I
1035 1415 1069 1448 p.
1091 1405 1159 1437 563
1173 1403 1247 1448 ΒΥ.)
1275 1424 1318 1429 --
1343 1402 1488 1438 Nonius
1506 1401 1592 1438 XIX
1610 1414 1646 1448 p.
1667 1405 1746 1439 555.
1767 1423 1811 1430 —

252 1449 401 1485 Servius
427 1450 477 1485 ad
502 1450 592 1485 Aen.
613 1449 665 1484 IX
684 1452 770 1486 503:
799 1449 853 1484 ‘in
877 1450 1030 1484 modum
1126 1449 1328 1486 militaris.'
1358 1471 1401 1476 -
1430 1451 1533 1487 Idem
1556 1461 1574 1486 e
1599 1449 1722 1487 Servio
1746 1449 1813 1486 Isi-

252 1498 362 1532 dorus
389 1497 481 1542 orig.
507 1497 628 1533 XVIII
650 1501 703 1542 12,
725 1500 756 1532 6.
783 1499 795 1541 n
818 1496 989 1542 ingentia
1021 1499 1059 1532 et
1084 1497 1191 1532 orbes
1218 1498 1302 1544 axe]
1334 1497 1506 1543 ingentia
1535 1497 1669 1533 turbae
1700 1508 1813 1533 saxae

250 1546 364 1589 codd„
390 1557 479 1581 corr.
505 1545 704 1581 Turnebus.
732 1565 775 1570 —-
802 1544 1019 1580 eminebant
1055 1545 1107 1589 Η,
1131 1544 1327 1580 minebant
1346 1545 1436 1589 LG,
1460 1544 1658 1580 minabant
1681 1545 1812 1581 anb.

250 1613 297 1674 1}—
322 1591 444 1676 erigi&
455 1592 550 1648 erigi
576 1592 674 1646 Lfl,
696 1591 798 1675 eIrigio
824 1592 968 1636 Bamb„
994 1603 1013 1627 e
1042 1591 1110 1627 irci
1139 1592 1310 1636 GNonii,
1334 1591 1417 1627 irici
1441 1591 1531 1636 LF,
1555 1590 1655 1627 iricii
1678 1591 1813 1637 ΑΒΜ,

278 1651 346 1675 1rcl
442 1651 546 1684 C'rv'l'h,
573 1650 678 1675 enon
726 1651 758 1675 82
785 1651 878 1675 O‘ruS.

370 1703 535 1743 Comm.
598 1703 662 1742 Ad
693 1703 825 1754 Cyzici
857 1704 1196 1757 oppugnationem
1232 1705 1337 1743 recte
1373 1705 1471 1743 haec
1501 1704 1660 1743 rettulit
1689 1703 1813 1755 Kritz,

251 1765 352 1803 falso
390 1764 441 1802 ad
472 1763 723 1815 Calagurrim
761 1764 919 1803 aliudve
957 1763 1150 1815 oppidum
1186 1765 1363 1813 spectare
1400 1765 1513 1802 ratus
1547 1765 1608 1803 est
1637 1763 1812 1814 Dietsch,

252 1837 344 1861 nam
376 1822 605 1875 Calagurris
636 1822 909 1874 circumsessa,
948 1836 1027 1862 non
1065 1823 1297 1874 oppugnata
1334 1824 1403 1861 est.
1466 1822 1569 1861 Sane
1607 1835 1654 1861 ex
1685 1821 1812 1872 ipsius

251 1882 466 1933 fragmenti
491 1882 621 1921 verbis
653 1882 804 1921 elucere
836 1882 877 1920 in
908 1881 1110 1921 montibus
1135 1883 1361 1933 pugnatum
1385 1893 1468 1920 esse
1492 1881 1696 1920 Dietschio
1721 1894 1811 1920 con-

251 1941 357 1992 cedo,
389 1943 433 1980 at
465 1941 588 1980 etiam
613 1940 745 1992 Cyzici
775 1941 885 1979 urbis
915 1943 1073 1991 partem
1102 1941 1144 1979 in
1175 1940 1281 1980 edito
1313 1941 1433 1979 sitam
1463 1952 1546 1979 esse
1580 1938 1704 1989 (sicut
1732 1940 1810 1980 for-

250 2002 356 2040 tasse
387 2001 516 2051 ipsam
546 2000 655 2040 urbis
687 1995 836 2054 arcem)
867 2001 954 2039 iure
985 2013 1113 2050 nuper
1148 1999 1305 2039 monuit
1335 1999 1481 2051 Jfirges
1511 2013 1548 2050 p.
1577 2000 1630 2038 57
1664 1999 1810 2039 collato

252 2060 460 2099 Strabonis
490 2060 581 2100 hist.
607 2060 653 2098 fr.
682 2061 755 2099 80:
792 2065 861 2111 τῆς
893 2057 935 2099 δὲ
965 2058 1115 2106 πόλεως
1151 2057 1193 2098 τὸ
1234 2056 1304 2110 μέν
1335 2057 1439 2098 ἐστιν
1470 2056 1512 2097 ἐν
1542 2055 1731 2114 ἐπιπέδῳ,
1767 2055 1809 2098 τὸ

253 2116 294 2157 δὲ
320 2118 419 2171 πρὸς
446 2117 538 2172 ὄρει,
569 2121 740 2158 καλεῖται
771 2114 808 2157 δ’
826 2115 1003 2171 ’Ἄρκτων
1035 2117 1139 2170 ὅρος,
1170 2118 1346 2168 mihique
1378 2117 1516 2157 eadem
1541 2117 1811 2158 affirmaverat

250 2178 364 2216 testis
385 2191 429 2217 ac
449 2179 650 2229 spectator
669 2179 730 2216 W.
750 2178 876 2230 Ruge,
902 2178 949 2217 cf.
970 2178 1222 2216 Petermawns
1241 2177 1513 2225 Mittcihmyen
1532 2178 1694 2225 189211.
1712 2179 1808 2216 226.

372 2267 446 2313 37.
508 2269 645 2311 Duos
683 2283 828 2324 quam
865 2268 1111 2310 maximos
1142 2267 1275 2310 utris
1314 2267 1416 2310 levi
1453 2267 1660 2309 tabulae
1691 2267 1810 2310 sub-

252 2339 391 2394 iecit,
429 2354 524 2395 qua
555 2354 707 2394 super
744 2339 877 2382 omni
909 2354 1123 2394 corpore
1156 2338 1362 2394 quietus
1396 2338 1613 2392 invicem
1643 2340 1809 2380 tracto

252 2410 377 2466 pede
403 2410 546 2466 quasi
572 2410 889 2466 gubernator
915 2409 1181 2465 existeret3
1214 2424 1270 2451 ea
1294 2409 1430 2451 inter
1453 2408 1632 2451 molem
1657 2411 1809 2464 atque

252 2481 471 2524 insulam
500 2480 625 2523 mari
657 2480 968 2523 vitabundus
994 2480 1208 2523 classem
1233 2479 1456 2522 hostium
1482 2479 1540 2521 ad
1565 2478 1809 2534 oppidum

252 2551 498 2608 pervenit.

369 2645 474 2690 App.
519 2644 584 2690 (III
604 2648 646 2679 19
657 2644 701 2689 D,
725 2647 770 2678 20
780 2643 824 2688 Κ,
851 2647 895 2678 55
907 2643 949 2689 G,
975 2644 1010 2678 II
1027 2656 1062 2689 p.
1085 2646 1128 2678 93
1139 2643 1213 2690 Br.)
1234 2663 1277 2669 -
1297 2642 1440 2678 Nonius
1459 2642 1494 2677 H
1511 2653 1546 2695 p.
1569 2642 1808 2726 1862331108]

251 2705 317 2729 om.
344 2693 388 2727 L.
414 2713 462 2718 ——
487 2692 577 2738 qua]
609 2702 723 2736 quam
746 2692 847 2727 codd.
881 2712 924 2716 —
956 2696 1041 2727 ante
1075 2690 1236 2726 invicem
1269 2691 1423 2727 inseruit
1455 2689 1623 2725 insidens
1697 2690 1806 2726 'tecla

251 2761 297 2765 —
320 2740 432 2787 pede]
457 2740 572 2785 pedes
598 2740 698 2775 codd.
725 2759 768 2764 —-
795 2738 919 2784 quasi]
946 2750 1038 2783 quas
1065 2738 1158 2774 LH.
1191 2759 1235 2764 —
1267 2736 1460 2784 existeret]
1492 2736 1668 2772 extiteret
1692 2737 1808 2782 codd„

251 2788 397 2832 regeret
427 2786 499 2822 iter
530 2787 714 2823 temerwrie
744 2786 836 2822 coni.
862 2786 1020 2822 Dietsch.
1053 2807 1097 2812 —
1129 2785 1281 2832 molem]
1311 2784 1452 2820 inolem
1479 2785 1579 2821 codd.
1607 2805 1650 2810 —
1676 2785 1790 2828 atq11e

251 2845 339 2870 corr.
355 2835 504 2878 anius,
523 2845 598 2878 qua
617 2834 732 2878 codd„
750 2834 805 2869 ita
822 2833 982 2876 Dietsch,
1004 2833 1177 2868 excidisse
1195 2833 1323 2878 aliqua
1339 2832 1554 2877 suspicatus.
1569 2852 1613 2857 —
1626 2829 1791 2866 hostium

250 2881 464 2916 honestium
490 2881 582 2917 LH.
615 2902 659 2907 —
690 2885 775 2917 ante
807 2879 902 2915 mari
935 2881 1107 2916 excidisse
1137 2879 1343 2924 tranquillo
1371 2880 1427 2916 vel
1455 2879 1571 2915 simile
1601 2878 1691 2924 qwid
1713 2879 1805 2915 coni.

251 2929 296 2966 L.
317 2928 466 2965 Muller.
