2034 3184
848 755 1289 811 APPENDIOE
1299 757 1350 812 S.

1083 948 1119 995 Ι.

436 1051 504 1095 De
535 1051 656 1095 locis
688 1050 813 1095 falso
845 1052 982 1096 antea
1012 1063 1098 1107 pro
1130 1051 1415 1106 fragmentis
1446 1052 1763 1097 historiarum

788 1121 1193 1167 Sallustianarum
1223 1122 1420 1169 habitis.

443 1218 549 1261 Cum
567 1233 793 1261 numerum
812 1218 1162 1276 fragmentorum,
1189 1234 1298 1274 quae
1317 1218 1362 1261 in
1382 1219 1639 1263 editionibus
1663 1219 1744 1263 viri
1765 1220 1879 1264 docti

325 1290 600 1347 collegerunt,
633 1305 942 1346 percensemus,
972 1290 1177 1332 nonnulla
1202 1290 1438 1346 reperimus
1470 1291 1600 1333 fuisse
1626 1291 1671 1334 in
1695 1306 1880 1348 unaqua-

324 1377 406 1417 que
438 1361 628 1404 Sallustii
665 1361 942 1404 historiarum
980 1361 1165 1403 editione
1204 1362 1459 1418 fragmenta,
1498 1376 1606 1417 quae
1643 1365 1794 1418 postea
1823 1363 1879 1406 ab

324 1433 456 1475 altero
490 1433 651 1475 editore
683 1433 850 1475 abiecta
881 1436 998 1488 sunt,
1036 1433 1133 1475 dein
1169 1447 1315 1475 rursus
1346 1435 1518 1475 auctum
1549 1448 1641 1476 esse
1671 1433 1882 1491 fragmen-

324 1507 466 1547 torum
503 1519 727 1546 numerum
764 1504 947 1559 repertis
983 1504 1105 1546 novis
1141 1503 1257 1546 locis.
1320 1503 1402 1546 Sed
1437 1504 1589 1560 multa,
1628 1519 1734 1560 quae
1770 1520 1881 1548 nova

323 1576 567 1617 habuerunt
611 1575 807 1631 Gerlach,
856 1575 996 1631 Kritz,
1045 1575 1222 1636 Dietsch
1271 1575 1393 1617 novis
1437 1590 1459 1617 e
1503 1575 1706 1618 subsidiis
1748 1578 1881 1634 eruta,

324 1661 560 1703 paucaque,
599 1661 706 1702 quae
736 1662 847 1689 nova
878 1649 1143 1689 accesserunt
1174 1646 1254 1688 hac
1285 1646 1330 1688 in
1361 1645 1565 1703 editione,
1605 1661 1654 1689 ea
1689 1661 1879 1690 seorsum

324 1720 505 1760 tractare
531 1733 617 1760 non
642 1718 871 1773 poscimur,
902 1732 1002 1760 sane
1034 1720 1181 1759 extant
1207 1732 1336 1772 supra
1362 1732 1438 1759 suo
1469 1717 1563 1759 loco
1594 1717 1640 1759 in
1669 1718 1879 1775 fragmen-

323 1792 464 1831 torum
485 1789 686 1845 editione,
712 1789 763 1831 de
789 1789 842 1831 iis
861 1804 959 1831 vero
985 1789 1102 1846 locis,
1128 1804 1234 1844 quos
1261 1789 1372 1831 inter
1391 1788 1582 1831 Sallustii
1601 1788 1877 1832 historiarum

323 1860 564 1916 fragmenta
599 1860 883 1902 numerandos
921 1875 1011 1902 esse
1048 1860 1212 1915 priores
1251 1859 1434 1902 editores
1470 1859 1729 1915 iudicarunt,
1770 1875 1878 1916 quos

323 1934 467 1973 tamen
486 1946 616 1986 supra
635 1931 764 1974 tacite
784 1931 921 1988 omisi,
943 1946 1078 1986 pauca
1097 1946 1164 1973 me
1191 1930 1395 1973 disserere
1419 1945 1590 1973 necesse
1615 1933 1691 1973 est.
1733 1930 1878 1988 Atque

324 2004 371 2043 ut
404 2017 452 2046 ea
483 2001 643 2058 sileam,
675 2017 782 2058 quae
814 2002 904 2044 iure
933 2017 985 2044 ex
1011 2001 1326 2057 antiquioribus
1351 2004 1479 2057 atque
1503 2015 1527 2043 c
1553 2000 1767 2044 Gerlachii
1791 2002 1876 2044 edi-

322 2073 439 2115 tione
471 2073 592 2116 Kritz
624 2073 821 2129 removit,
859 2073 988 2115 etiam
1020 2088 1042 2115 e
1073 2073 1226 2115 Kritzii
1260 2073 1597 2130 fragmentorum
1628 2064 1877 2116 coHectione

323 2144 501 2186 Dietsch
532 2145 623 2187 iure
655 2145 876 2200 complura
907 2145 1082 2187 sustulit
1112 2145 1257 2187 haece:

440 2215 514 2257 Fr.
537 2215 578 2258 V
604 2216 699 2258 GK:
732 2216 1026 2258 ‘Turbinum
1057 2219 1223 2258 motus
1255 2230 1411 2272 vagus
1443 2218 1520 2258 est
1551 2218 1599 2257 et
1630 2215 1876 2258 disiectus

324 2289 392 2342 et,
435 2286 511 2327 uti
549 2286 788 2329 Sallustii
825 2286 1000 2329 verbis
1037 2289 1168 2341 utar,
1209 2286 1517 2328 vorticosus'
1561 2285 1749 2344 (Seneca,
1791 2290 1875 2328 nat.

322 2361 471 2411 quaest.
506 2357 602 2400 VII
626 2356 684 2415 8).
754 2358 834 2400 His
878 2357 1021 2399 verbis
1063 2357 1125 2399 nil
1167 2357 1250 2399 nisi
1293 2357 1432 2412 ipsam
1474 2371 1620 2399 vocem
1661 2358 1876 2400 verticosus

324 2428 481 2470 Seneca
519 2427 819 2471 Sallustianam
860 2429 1093 2470 declarasse
1130 2428 1314 2483 videtur,
1358 2428 1502 2483 itaque
1540 2427 1721 2470 Senecae
1757 2428 1876 2470 locus

325 2499 436 2541 inter
468 2499 713 2542 testimonia
744 2499 975 2556 fragmenti
1007 2499 1069 2542 IV
1094 2500 1148 2543 28
1181 2499 1426 2541 referendus
1458 2501 1533 2541 est.

442 2570 536 2613 Ino.
565 2571 683 2613 81K:
717 2571 948 2626 ‘aequore
981 2573 1030 2612 et
1061 2569 1211 2612 terra'
1243 2568 1414 2627 (Donat.
1443 2571 1500 2612 ad
1526 2570 1680 2612 Terent.
1707 2569 1872 2612 Phorm.

324 2642 384 2683 ΙΙ
401 2646 437 2693 1,
464 2640 554 2698 13);
585 2644 752 2697 spectat
783 2641 836 2682 ad
867 2641 1018 2695 Lepidi
1051 2640 1297 2696 orationem,
1328 2640 1422 2682 vide
1453 2640 1502 2682 fr.
1534 2639 1554 2682 I
1579 2641 1647 2696 55,
1672 2641 1711 2683 4.

441 2712 535 2754 Inc.
569 2713 694 2756 82K:
744 2711 978 2754 eCornua
1021 2711 1414 2754 occanuerunt'
1458 2710 1587 2768 (Serv.
1631 2712 1689 2754 ad
1731 2710 1873 2766 Geory.

326 2784 385 2825 II
401 2782 524 2839 384);
556 2783 744 2838 pertinet
775 2783 828 2824 ad
858 2783 907 2824 fr.
939 2781 959 2824 I
987 2783 1081 2825 135.

441 2853 536 2896 Ino.
571 2854 696 2898 84K:
735 2856 809 2896 cne
847 2868 942 2909 qua
978 2853 1307 2895 contumelia'
1332 2845 1517 2911 (Donat.
1554 2854 1612 2895 ad
1641 2853 1730 2894 Ter.
1760 2853 1872 2895 Eun.

326 2925 401 2967 IV
420 2928 457 2975 7,
484 2924 545 2982 1);
569 2940 655 2966 non
680 2925 732 2966 ad
757 2924 969 2980 historias,
1001 2924 1074 2965 sed
1099 2924 1150 2965 ad
1174 2923 1265 2980 Iug.
1285 2939 1317 2966 c.
1339 2925 1407 2980 58,
1426 2925 1453 2966 5
1479 2926 1644 2978 spectat
1668 2923 1872 2966 Donatus.
