1916 3178
876 149 1165 191 „44—

246 254 318 298 καὶ
360 256 556 311 ἄργυρον
599 257 701 305 τοὺς
743 254 960 311 ἐμπόρους
1000 254 1202 311 ἐσφέρειν
1246 255 1407 298 ἐκώλυε
1451 253 1524 298 καὶ
1559 259 1800 311 κεκτῆσθαι

246 328 349 376 τοὺς
385 324 543 368 ἑαυτοῦ
580 340 677 368 cum
713 325 882 368 Plinio
910 341 959 367 ·n.
986 326 1025 368 h.
1057 325 1269 368 XXXIII
1294 327 1374 368 49:
1411 326 1488 356 ‘—
1522 350 1578 372 ,-
1609 334 1674 357 -’
1702 339 1800 369 cum

247 396 428 438 sciamus
459 395 727 438 interdixisse
759 396 908 438 castris
939 396 1027 439 suis
1052 396 1313 452 Spartacum,
1342 411 1396 438 ne
1427 396 1524 451 quis
1554 411 1705 440 aurum
1727 396 1800 440 ha·

247 467 366 508 beret
404 469 477 507 aut
514 469 756 522 argentum;
800 470 921 509 tanto
957 467 1054 522 plus
1091 467 1174 509 fuit
1216 467 1346 509 animi
1383 466 1580 524 fugitivis
1613 466 1799 510 nostris?

246 537 375 579 Plinii
412 537 539 578 index
551 535 583 594 ¹)
620 537 747 580 huius
790 538 851 580 rei
889 541 1106 580 auctorem
1141 540 1304 594 profert
1344 541 1419 580 aut
1448 537 1684 581 Varronem
1725 539 1801 580 aut

245 607 456 649 Atticum:
505 608 653 663 procul
696 608 824 650 dubio
862 608 1016 665 Varro,
1066 612 1109 651 et
1147 624 1290 652 rerum
1329 610 1588 652 urbanarum
1628 607 1800 664 quidem

245 678 355 720 libro
399 678 560 734 aliquo,
599 679 703 721 haec
747 679 958 721 enarravit
993 679 1207 736 Pliniique
1249 683 1397 723 auctor
1435 679 1530 722 fuit.
1594 677 1800 722 Varronis

246 751 390 790 autem
421 752 464 791 et
488 748 672 805 Appiani
705 749 983 806 congruentia
1014 750 1111 792 inde
1137 751 1384 806 explicanda
1415 750 1514 806 erit,
1545 749 1660 805 quod
1689 751 1799 792 uter-

246 834 327 874 que
359 820 462 862 haec
494 835 516 861 e
541 820 743 863 Sallustio
775 821 929 863 hausit.
962 846 1017 851 ——
1049 821 1274 864 Praeterea
1305 836 1402 863 cum
1431 821 1574 863 verbis
1596 819 1800 876 Appiani:

245 889 318 933 καὶ
363 892 533 946 θαμινὰ
581 890 650 934 ε’πὶ
696 894 925 946 λεηλασίας
971 890 1151 949 ἐξῄεσαν
1201 892 1299 934 Sall.
1343 893 1392 934 fr.
1429 891 1491 934 IV
1516 893 1560 935 3:
1614 890 1800 934 ‘Rursus

247 961 437 1002 iumenta
479 962 623 1003 nancti
667 962 719 1003 ad
757 962 959 1017 oppidum
999 962 1059 1004 ire
1098 963 1381 1005 contendunt'
1418 965 1508 1005 arte
1545 962 1800 1019 coniungen-

247 1032 347 1074 dum
380 1035 454 1074 est.
516 1032 625 1074 Tum
656 1034 793 1075 c.118
827 1033 877 1074 de
909 1033 1135 1089 supplicio,
1171 1048 1254 1088 quo
1287 1033 1391 1075 duas
1429 1033 1620 1090 legiones
1658 1032 1802 1076 affecit

248 1102 435 1159 Crassus,
454 1101 694 1159 convenit2)
714 1118 810 1145 cum
828 1103 940 1146 Plut.
961 1119 993 1146 c.
1011 1105 1077 1159 10,
1097 1119 1223 1159 quem
1246 1119 1268 1146 e
1288 1103 1490 1147 Sallustio
1509 1104 1592 1147 hoc
1609 1103 1801 1148 hausisse
1825 1147 1827 1149 ,

247 1177 424 1216 constat.
468 1174 604 1216 Simul
629 1174 762 1216 altero
793 1190 814 1216 e
834 1176 952 1217 fonte
974 1175 1115 1218 verbis
1131 1227 1133 1231 ι
1147 1176 1193 1218 οἱ
1209 1173 1248 1218 δ’
1269 1173 1358 1232 οὐχ’
1386 1175 1525 1226 οὕτως
1541 1176 1801 1230 νομίζουσιν

247 1245 425 1287 alteram
457 1245 507 1287 de
539 1245 747 1300 supplicio
785 1245 859 1288 illo
890 1246 1139 1288 memoriam
1169 1261 1342 1301 prorsus
1371 1246 1611 1289 fabulosam
1641 1244 1801 1288 inserit.

246 1315 390 1371 Atque
410 1316 565 1358 abhinc
590 1331 723 1372 usque
749 1317 802 1358 ad
827 1316 979 1372 capitis
1001 1318 1083 1359 119
1112 1318 1241 1359 finem
1266 1317 1562 1360 secundarium
1579 1316 1694 1359 hunc
1711 1317 1802 1359 fon-

247 1390 336 1429 tem
374 1390 545 1429 secutus
577 1389 658 1442 est,
694 1402 876 1442 namque
912 1387 1023 1430 nihil
1058 1388 1146 1429 fere
1185 1403 1331 1430 eorum
1367 1402 1476 1444 quae
1510 1389 1656 1430 narrat
1690 1386 1804 1442 apud

246 1458 525 1500 Plutarchum
549 1458 720 1514 legitur,
752 1458 882 1500 immo
907 1473 1007 1500 vero
1032 1457 1238 1500 nonnulla
1263 1458 1301 1500 ei
1327 1457 1632 1501 contradicunt.
1671 1456 1804 1500 Velut

247 1529 388 1571 verbis
428 1528 582 1572 αὐτίκα
620 1531 790 1585 μυρίων
828 1531 1142 1585 Σπαρτακείων
1186 1526 1255 1584 ἐφ’
1297 1527 1464 1571 ἑαυτῶν
1499 1543 1587 1572 που
1624 1539 1804 1585 στρατο-

247 1601 527 1643 πεδευόντων
564 1599 733 1655 ἐκράτει
763 1616 802 1642 κ.
827 1616 862 1642 τ.
888 1603 926 1642 λ.
962 1615 1108 1656 pugna
1144 1600 1197 1642 ad
1229 1599 1515 1642 Camalatrum
1550 1599 1684 1655 facta,
1719 1613 1804 1654 qua

249 1671 375 1713 Casto
426 1670 698 1726 Gannicoque
751 1671 929 1713 ducibus
978 1670 1176 1714 Germani
1225 1670 1327 1712 victi
1376 1672 1492 1725 sunt,
1550 1669 1664 1711 dicta
1712 1683 1803 1711 esse

247 1741 434 1797 videtur3
478 1741 551 1784 sed
592 1741 822 1783 secundum
858 1742 1136 1784 Plutarchum
1173 1740 1507 1796 Sallustiumque
1549 1739 1624 1782 illa
1665 1739 1802 1782 multo

248 1812 418 1854 demum
454 1815 603 1867 postea
641 1812 791 1854 evenit.
858 1812 1021 1854 Deinde
1063 1812 1242 1868 proelia,
1280 1812 1435 1867 quibus
1467 1810 1694 1866 Spartacus
1731 1810 1803 1853 ob-

248 1883 485 1925 sidentibus
525 1883 699 1925 evadere
737 1882 901 1925 studuit
944 1882 1226 1940 (βιαζομένου
1269 1880 1308 1924 δ’
1353 1882 1396 1932 ἐς
1439 1882 1520 1936 τὴν
1555 1881 1801 1924 Σαυνιτίὸα

248 1960 327 1996 τοῦ
367 1953 633 2009 Σπαρτάκου
683 1954 944 2010 διαδραμεῖν
980 1970 1018 1996 κ.
1042 1969 1078 1997 τ.
1105 1951 1180 2010 λ.),
1227 1953 1457 1995 Plutarcho
1501 1952 1803 2008 obloquuntur,

248 2024 321 2079 qui
361 2024 491 2066 refert
529 2023 778 2079 Spartacum
819 2024 1006 2079 primum
1049 2024 1314 2067 obsidionem
1355 2023 1613 2080 neglexisse,
1654 2026 1804 2080 postea

248 2098 392 2136 autem
423 2109 614 2151 pugnare
643 2110 731 2137 non
755 2110 906 2137 ausum
931 2110 1032 2138 esse.
1093 2095 1244 2150 Neque
1276 2095 1327 2136 de
1359 2094 1490 2150 equis,
1521 2108 1628 2150 quos
1659 2109 1804 2150 expec-

247 2169 338 2208 tare
364 2167 417 2207 ab
437 2165 633 2221 Appiano
654 2165 881 2221 Spartacus
905 2168 1113 2221 narratur,
1137 2165 1364 2221 quicquam
1388 2166 1519 2208 habet
1537 2164 1802 2210 Plutarchus.

249 2262 305 2267 —
347 2236 408 2279 At
451 2236 593 2279 subito
638 2236 828 2279 Sallustii
873 2237 1009 2279 denuo
1053 2239 1228 2291 apparet
1271 2236 1316 2278 in
1356 2235 1553 2292 Appiano
1595 2234 1804 2291 particula

249 2307 345 2349 inde
382 2322 407 2348 a
442 2306 583 2349 verbis
620 2307 666 2349 oc
700 2304 739 2348 δ’
777 2306 824 2348 ἐν
856 2307 976 2349 ἄστει
999 2305 1202 2361 Ῥωμαῖοι
1231 2322 1268 2349 κ.
1287 2322 1321 2350 τ.
1342 2310 1398 2358 λ.;
1437 2305 1629 2349 Sallustii
1658 2308 1802 2349 autem

247 2378 352 2420 haec
383 2392 473 2420 esse
505 2377 628 2419 docet
658 2380 701 2419 et
731 2392 888 2419 nomen
925 2377 995 2420 ‘to
1024 2377 1328 2433 Σπαρτάκειον
1363 2375 1559 2434 ἔργον’8)
1601 2378 1646 2418 615
1687 2376 1801 2431 quod

249 2463 380 2504 aeque
418 2451 545 2503 atque
580 2447 836 2490 Plutarchus
873 2446 1227 2504 Sallustiusque4)
1266 2447 1462 2490 Crassum
1498 2446 1701 2503 Pompeio
1738 2461 1800 2489 ar-

369 2590 403 2634 1)
429 2587 483 2624 Cf.
507 2587 633 2623 Brunn
657 2599 693 2632 p.
712 2590 768 2622 41.

317 2636 321 2640 .
368 2650 403 2692 2)
429 2646 536 2690 Quod
560 2645 753 2692 Appianus
778 2657 853 2681 non
877 2645 1085 2691 principem
1109 2646 1243 2680 harum
1272 2646 1462 2691 legionum
1494 2645 1701 2690 cohortem,
1734 2645 1799 2681 sed

251 2707 343 2741 duas
369 2705 538 2751 legiones
564 2704 744 2741 decimari
767 2706 912 2749 narrat,
937 2704 1088 2740 levitati
1114 2705 1193 2740 eius
1217 2704 1458 2740 tribuendum
1482 2706 1551 2740 est.

368 2768 403 2809 3)
430 2765 594 2807 Quocum
628 2763 674 2801 cf.
700 2764 798 2798 Plut.
824 2775 855 2799 c.
875 2767 913 2799 8:
948 2762 995 2807 ’ἢν
1027 2762 1066 2798 οἴ
1092 2763 1221 2799 πολλοὶ
1251 2762 1569 2810 Σπαρτάκειον
1600 2763 1798 2810 πόλεμον

250 2823 495 2869 ὀνομάζουσιν
522 2825 561 2858 615
584 2823 684 2859 Flori
708 2821 992 2867 inscriptionem
1019 2822 1179 2857 ‘bellum
1204 2821 1464 2868 Spartacium.’

368 2886 405 2927 4)
432 2881 484 2917 Cf.
510 2882 554 2917 fr.
580 2882 630 2918 lV
658 2886 718 2917 14:
746 2880 917 2917 ‘Avidior
939 2881 1050 2918 modo
1074 2880 1301 2927 properandi
1323 2880 1473 2917 faetus?
