1976 3190
286 139 371 181 100
767 135 923 172 Sallusti
947 135 1196 172 Historiarum
1221 136 1285 173 lib.
1306 137 1349 172 ΙΙ.

280 245 310 288 1,
328 244 358 279 E
384 248 450 279 aut
475 243 514 278 T.
543 263 586 268 —
615 246 645 278 2.
673 242 761 288 fide]
787 242 899 278 fidem
916 243 962 278 A.
990 264 1033 268 —
1061 247 1092 279 3.
1119 244 1248 280 Prima
1272 244 1348 278 veri
1371 244 1550 279 simillium
1574 244 1618 288 E,
1641 245 1800 282 secunda
1818 244 1840 281 1

281 296 346 326 aut
370 291 410 326 T.
439 311 482 316 -
508 294 540 325 4.
569 290 698 325 Prima
722 289 752 324 E
778 294 843 325 aut
868 289 910 334 T,
935 292 1069 325 cuncta
1090 292 1207 336 suppl.
1236 291 1411 335 Wolffliu.
1439 311 1483 316 —
1512 294 1541 326 7.
1569 293 1601 326 8.
1628 291 1840 333 Primam

281 339 451 382 cuiusque
476 337 509 371 R
541 337 657 372 limae
681 341 816 373 eaetaut.
849 358 893 362 —
924 337 1064 385 gratia]
1089 339 1206 383 suppl.
1234 338 1410 382 Wo'lffliu.
1445 359 1487 364 ——
1520 342 1551 374 9.
1578 339 1636 374 est
1658 337 1823 386 itemque

280 386 397 430 suppl.
426 385 601 429 Wo'lffliu.
635 405 678 409 —
709 383 829 419 movit
859 385 913 431 se]
939 387 1034 431 mons
1053 414 1059 421 .
1077 414 1083 421 .
1100 414 1107 421 .
1134 386 1188 429 A,
1218 397 1308 421 corr.
1343 385 1496 421 Hauler.
1530 406 1573 411 -—-
1607 388 1662 422 10.
1694 385 1784 424 Poct

270 434 431 476 >fortasse
451 444 474 467 a
495 443 609 467 mauu
626 443 690 467 see.
712 431 742 466 T
761 433 940 467 adiectum
958 437 1017 468 est.
1059 432 1123 468 Au
1141 433 1368 469 scribendum
1386 437 1452 468 est:
1471 432 1636 478 itemque
1655 431 1839 471 Sertorius

280 478 443 514 monitus
465 480 614 523 (scilieet
631 480 735 514 rebus
748 483 855 515 autea
867 481 988 525 yestis)
1010 481 1048 514 et
1067 479 1172 514 cuius
1185 479 1344 514 multum
1363 478 1569 515 intererat?
1583 501 1627 506 —
1643 483 1697 517 11.
1712 478 1841 518 Mus

281 527 506 572 secundaque
538 526 607 561 AT
638 527 706 562 vel'
723 526 795 570 AI,
825 528 888 562 vix
912 527 960 562 M.
989 548 1032 552 —-
1066 527 1286 571 Galliaeque
1317 527 1514 580 vaderent]
1543 529 1696 573 conieci,
1726 529 1840 573 atque

280 573 369 608 vadi
396 584 415 608 e
441 573 622 608 facultate
648 574 701 617 A,
725 585 772 609 ne
798 574 834 609 ei
858 574 997 619 periret
1021 574 1134 609 Asiae
1160 585 1242 620 spes
1269 574 1413 618 Hartel,
1437 575 1591 620 pennde
1615 574 1728 611 Asiae
1752 574 1841 624 [iter

281 623 323 655 ut
348 620 482 656 Italiae
508 620 835 668 interclude]retur
861 621 1022 666 Hauler,
1047 626 1160 657 totum
1183 633 1324 657 versum
1349 623 1522 658 caecidisse
1544 627 1665 667 ratus,
1694 626 1842 670 uterque

281 679 361 704 vero
393 681 416 704 a
440 679 521 704 voce
546 670 660 713 atque
689 680 823 704 novum
853 669 1031 714 iucipiens
1061 670 1300 705 enuntiatum.
1361 669 1461 715 Quae
1491 670 1566 715 ipse
1594 670 1738 716 scripsi,
1766 681 1842 706 non

280 717 433 751 multum
467 728 490 751 a
523 717 658 752 codicis
690 717 861 751 ‘memoria
891 717 1061 751 recedunt
1066 744 1077 761 ,
1110 717 1206 752 illud
1234 727 1328 759 vero,
1359 718 1454 762 quod
1478 717 1672 763 Pompeius
1699 716 1790 754 vadi
1820 728 1841 753 e

280 762 462 798 facultate
487 768 650 799 moratus
674 774 744 798 esse
769 764 915 807 dieitur,
940 764 1095 808 probari
1118 764 1208 799 mihi
1230 775 1306 799 uon
1331 768 1467 809 potest,·
1497 765 1617 809 immo,
1646 765 1680 800 si
1707 765 1841 803 vadam

280 811 472 855 habuisset,
497 812 656 847 celeriter
680 812 825 847 abiisset
832 825 845 854 ,·
871 810 1037 854 aquandi
1063 822 1082 845 e
1107 810 1288 846 facultate
1306 812 1396 846 coui.
1420 812 1594 857 Wo'lftlv'sn.
1615 833 1660 838 —
1681 815 1735 850 13.
1755 811 1840 848 Pri-

280 870 359 893 mae
377 858 416 892 M
440 859 546 894 hasta
563 863 732 904 superest.
755 880 798 884 —
819 857 980 904 aliquot]
1001 857 1156 902 aliquod
1179 862 1220 894 A.
1243 879 1287 884 -
1308 861 1362 894 15.
1390 859 1520 895 Prima
1535 858 1567 894 D
1589 860 1713 905 potius
1731 871 1840 906 quam

283 904 312 940 O
338 907 393 941 vel
418 904 458 948 Q.
492 927 536 931 —
571 910 623 941 16.
651 906 699 941 ab
726 906 785 952 eo]
811 906 928 950 suppl.
956 906 1132 951 Wo‘lffliu.
1159 927 1203 931 —
1231 909 1285 941 18.
1313 906 1442 942 Prima
1465 906 1496 941 E
1516 908 1642 952 potius
1666 918 1775 954 quam
1798 905 1838 943 Τ.

282 974 325 978 -
356 956 409 988 19.
438 953 585 989 Primae
610 953 648 987 M
673 954 778 989 hasta
802 953 942 998 reliqua
967 957 1026 988 est.

402 1029 568 1068 Oomm.
630 1030 708 1068 Res
740 1029 807 1080 agi
837 1029 997 1068 videtur
1027 1029 1068 1067 in
1099 1029 1369 1072 Vaccaeorum
1399 1030 1561 1083 finibus3
1593 1031 1739 1071 etenim
1767 1031 1840 1071 hos
1887 1067 1890 1070 .

282 1089 435 1128 indicat
460 1091 500 1127 et
517 1089 718 1140 Meorigae
745 1088 882 1138 oppidi
906 1102 1060 1140 nomen,
1087 1089 1299 1129 dummodo
1323 1091 1427 1129 recte
1453 1091 1683 1141 suppletum
1707 1091 1771 1143 sit,
1796 1091 1838 1130 et

285 1148 393 1198 quod
417 1149 558 1202 postea
582 1147 796 1197 Pompeius
822 1148 873 1186 ad
899 1147 1072 1186 Galliam
1104 1161 1292 1199 oramque
1323 1149 1566 1189 maritimam
1589 1162 1726 1191 versus
1750 1163 1840 1201 pro-

285 1208 414 1246 fectus
442 1208 492 1246 ad
510 1208 711 1246 Vascones
735 1207 934 1258 pervenit3
962 1207 1113 1246 accedit
1138 1209 1245 1257 quod
1270 1209 1316 1247 de
1342 1209 1451 1248 illius
1475 1209 1840 1261 regionisoppidis,

283 1267 398 1306 velut
424 1266 579 1318 Clunia,
610 1267 732 1317 paulo
759 1268 878 1305 antea
902 1268 1124 1318 pugnatum
1154 1279 1236 1306 esse
1262 1269 1428 1307 constat.
1477 1268 1691 1319 Pompeius
1715 1268 1842 1322 igitur

281 1326 422 1365 urbem
459 1326 571 1365 illam
607 1326 751 1365 acriter
788 1326 989 1364 defensam
1026 1338 1236 1378 aggressus
1273 1340 1364 1366 mox
1396 1327 1569 1368 Sertorio
1606 1327 1840 1368 adveniente

283 1385 529 1428 obsidionem
555 1385 675 1429 solvit
707 1386 748 1424 et
771 1385 813 1423 in
837 1385 1003 1424 hiberna
1026 1386 1199 1424 recessit.
1255 1386 1441 1425 Ceterum
1472 1387 1578 1437 quod
1601 1386 1840 1427 Plutarchus

285 1445 410 1483 tradit
446 1445 682 1496 Pompeium
719 1443 806 1496 περὶ
842 1443 1091 1491 Οὐακκαίους
1129 1445 1390 1497 διαχειμάσαι,
1427 1446 1550 1492 errori
1585 1446 1841 1498 tribuendum

283 1505 368 1556 erit,
395 1505 485 1543 inde
510 1505 679 1544 fortasse
700 1501 944 1555 explicando,
971 1504 1078 1554 quod
1102 1504 1172 1543 ubi
1198 1518 1221 1543 a
1239 1505 1400 1544 Metello
1427 1505 1618 1558 discessit,
1643 1518 1736 1545 sane
1760 1505 1840 1557 pri-

285 1577 396 1602 mum
427 1564 469 1602 in
499 1564 711 1615 Vaccaeos,
741 1564 789 1601 ut
818 1563 988 1615 videtur,
1018 1564 1220 1614 profectus
1251 1566 1320 1603 est.

402 1654 480 1699 94.
535 1653 790 1696 Titurium
821 1654 1048 1711 legatum
1079 1669 1189 1697 cum
1220 1636 1522 1698 cohortibus
1553 1655 1841 1712 quindecim

284 1726 334 1768 in
355 1725 642 1769 Celtiberia
667 1725 881 1768 hiemem
906 1741 1056 1782 agere
1082 1726 1237 1768 iussit
1261 1727 1638 1782 praesidentem
1662 1726 1840 1786 socios.

403 1819 507 1864 App.
560 1819 608 1864 (Π
627 1819 729 1864 281),
756 1823 801 1854 34
814 1819 858 1865 Κ,
884 1823 928 1854 52
943 1819 1001 1865 G.)
1028 1841 1071 1845 —
1098 1819 1204 1856 Arus.
1229 1832 1264 1865 p.
1285 1824 1365 1856 498.

402 1895 566 1935 Oomm.
633 1895 671 1934 A
700 1896 890 1946 Pompeio
923 1896 1124 1935 Titurium
1160 1897 1326 1936 missum
1363 1909 1446 1936 esse
1482 1897 1567 1941 veri
1600 1886 1730 1937 ssliffle
1767 1899 1839 1948 est,

285 1955 475 2006 quoniam
500 1955 652 1994 Metelli
683 1955 877 1995 exercitus
901 1955 1098 2006 Hispania
1127 1957 1244 2006 plane
1271 1957 1436 1996 excessit
1466 1958 1507 1995 et
1532 1955 1734 2003 in1Gallia
1756 1956 1838 1995 hie-

283 2015 420 2054 mavit.
456 2036 506 2041 —-
543 2014 728 2053 Ceterum
764 2028 826 2054 res
862 2015 908 2053 fr.
938 2017 1108 2055 94—97
1149 2017 1333 2055 narratae
1365 2017 1406 2054 in
1431 2015 1563 2055 codiee
1594 2015 1838 2055 Sallustiano

284 2074 450 2124 antiquo
489 2086 556 2112 sex
587 2074 790 2113 columnas
822 2074 1106 2125 dimidiamque
1137 2075 1325 2114 foliorum
1361 2075 1468 2125 paris
1505 2075 1547 2113 in
1579 2074 1838 2126 quaternione
1902 2091 1911 2105 ν

282 2133 402 2172 medii
434 2134 660 2183 complexae
694 2135 804 2172 sunt:
835 2135 989 2172 restant
1019 2147 1101 2172 una
1133 2136 1173 2173 et
1203 2134 1368 2173 dimidia
1398 2135 1594 2186 columna,
1626 2134 1668 2172 in
1693 2133 1839 2184 quibus

282 2192 444 2231 initium
475 2193 670 2242 epistulae
702 2193 968 2243 Pompeianae
1001 2193 1194 2244 seriptum
1223 2194 1345 2232 fuisse
1376 2194 1493 2233 facile
1526 2193 1737 2233 emetiaris.

401 2283 478 2328 95.
546 2283 587 2325 Ii
631 2283 854 2327 saltibus
898 2285 1166 2340 occupatis
1209 2284 1646 2327 Termestinorum
1687 2299 1838 2343 agros

283 2354 515 2397 invasere
547 2355 896 2411 frumentique
929 2371 987 2398 ex
1019 2355 1194 2412 inopia
1225 2356 1367 2413 gravi
1399 2355 1559 2398 satias
1590 2357 1736 2399 facta.

401 2423 604 2493 App—lII
624 2451 668 2482 29
681 2447 725 2492 D,
752 2452 796 2482 35
810 2448 854 2494 K,
881 2452 925 2483 98
940 2448 988 2493 G,
1018 2449 1052 2483 II
1076 2461 1111 2494 p.
1134 2453 1176 2484 77
1190 2449 1265 2495 ΒΥ.)
1296 2471 1340 2476 -
1371 2449 1514 2484 Nonius
1539 2449 1573 2484 Π
1595 2461 1631 2494 p.
1653 2451 1730 2485 172.
1755 2449 1768 2494 ΙΙ
1791 2448 1836 2496 ii]

282 2495 322 2530 in
347 2497 446 2531 codd.
476 2496 599 2540 (etiam
625 2495 689 2539 F),
713 2507 802 2531 corr.
830 2496 873 2531 L.
896 2496 1045 2541 Mffller,
1070 2496 1110 2531 hi
1129 2497 1278 2541 anius,
1302 2496 1361 2531 his
1387 2496 1553 2532 Mercier.
1574 2517 1618 2522 —
1638 2495 1836 2535 Termesti-

283 2543 431 2589 norum]
462 2542 746 2578 tmextrinorum
777 2543 828 2587 L,
866 2545 1102 2578 externorum
1134 2544 1180 2588 F,
1210 2543 1535 2579 termextrinorum
1566 2543 1607 2578 F
1630 2555 1728 2580 man.
1759 2555 1837 2588 sec„

282 2593 399 2626 terme
420 2612 463 2616 -
485 2590 724 2625 extrimorum
743 2601 852 2635 agros
879 2593 1113 2626 externorum
1132 2591 1184 2635 H,
1209 2593 1335 2627 tamen
1360 2593 1595 2626 externorum
1616 2591 1661 2635 G,
1681 2591 1716 2626 L
1737 2603 1834 2627 man.

284 2650 361 2682 sec„
386 2649 475 2674 corr.
502 2639 544 2673 iu
569 2638 621 2682 H,
646 2637 961 2672 Termestinorum
985 2640 1143 2675 restituit
1167 2639 1328 2684 Lipsius.

404 2703 569 2742 Comm.
632 2702 732 2741 Cum
764 2702 999 2741 Termestini
1030 2715 1156 2753 usque
1188 2703 1238 2741 ad
1268 2704 1467 2753 postrema
1496 2702 1594 2742 belli
1618 2702 1835 2742 Sertoriani

284 2764 464 2812 tempora
501 2775 525 2800 a
558 2762 722 2801 Sertorii
754 2761 934 2812 partibus
973 2762 1171 2813 steterint,
1210 2759 1349 2801 deinde
1381 2775 1427 2800 ex
1456 2763 1591 2810 inopia
1617 2763 1732 2811 ⁸‹7⁹¹1va
1760 2762 1834 2801 hoc

284 2822 507 2872 fragmento
533 2821 639 2860 dicta
666 2821 847 2871 sequitur
864 2833 942 2871 eos,
969 2821 1037 2870 qui
1062 2822 1104 2859 in
1129 2834 1245 2872 agros
1270 2822 1514 2866 invaserunt,
1539 2821 1686 2860 milites
1711 2820 1833 2860 fuisse

284 2880 491 2919 Romanos.
550 2881 606 2919 Ac
632 2879 863 2929 Pompeiani
896 2879 1055 2929 quidem
1080 2881 1254 2931 fuerunt,
1270 2896 1272 2898 ’
1287 2880 1476 2930 quoniam
1499 2879 1684 2918 Metellus
1715 2893 1760 2919 6ο
1786 2880 1833 2919 de
