2034 3184
351 151 436 193 226
950 148 1147 194 Appendix
1171 149 1214 185 II.
1241 149 1302 186 111.

467 258 502 299 P
510 257 768 299 ercuntari
795 257 946 312 scripsi
966 260 1114 300 contra
1135 258 1344 315 originem
1363 258 1494 313 vocis3
1511 259 1779 312 perounotm-
1795 258 1904 303 falso

352 345 402 370 ex
435 328 600 384 vulgari
633 327 814 383 quadam
846 327 1106 384 etymologia
1139 328 1337 384 usurpari
1373 330 1524 370 notum
1561 330 1643 384 est3
1679 343 1776 371 cum
1805 343 1905 372 vero

350 400 411 441 ita
442 398 690 454 saepissime
722 398 930 454 seriptum
961 398 1030 454 sit,
1064 399 1257 454 sequitur
1286 414 1373 441 non
1395 400 1633 453 percontanti
1663 399 1906 443 enuntiasse

349 471 582 525 Romanos,
620 470 695 512 sed
716 471 976 527 percuntari,
999 470 1128 526 quod
1162 470 1230 513 vel
1261 485 1338 525 per
1375 485 1420 511 se
1457 485 1479 511 e
1517 484 1717 512 sonorum
1752 473 1906 514 natura

350 542 543 584 concludi
568 541 686 597 licet,
711 543 839 596 atque
865 541 950 584 iam
975 541 1252 599 intelligetur,
1277 557 1406 597 quare
1426 541 1577 583 falsam
1601 541 1719 584 illam
1743 544 1904 598 etymo-

350 612 511 668 logiam
536 612 692 668 vulgus
717 612 986 654 commiserit.
1036 612 1186 668 Itaque
1214 613 1343 654 etiam
1368 612 1411 654 in
1438 611 1641 655 Sallustio
1664 614 1907 667 pereuntwri

350 699 478 738 quam
501 684 738 738 percontari
769 683 890 725 edere
922 684 1064 725 malui.

466 754 669 810 Plebes,
711 770 798 796 non
826 755 942 808 plebs
981 754 1270 797 nominativus
1309 755 1355 797 in
1392 754 1585 798 Sallustii
1627 755 1751 798 libris
1787 769 1905 810 repe-

348 825 474 881 ritur,
506 828 549 867 et
580 825 642 867 ita
670 825 830 880 ubique
857 828 954 867 ante
980 825 1227 882 Augustum
1259 826 1465 881 scriptum
1492 841 1582 868 esse
1607 825 1907 873 animadvertit

348 895 589 938 Schneider.

465 967 661 1022 Denique
692 982 902 1024 graecae
935 968 1153 1010 cuiusdam
1186 967 1567 1023 declinationis,
1599 982 1708 1023 quae
1739 967 1907 1023 dicitur,

347 1037 530 1094 vestigia
573 1038 618 1079 in
661 1038 915 1095 fragmentis
959 1041 1106 1080 extant
1142 1053 1295 1094 pauca,
1337 1038 1454 1081 velut
1489 1039 1733 1093 Eugplwaten
1773 1037 1908 1081 habet

346 1108 514 1151 Nonius
546 1109 595 1150 fr.
620 1108 682 1151 IV
707 1111 776 1166 59,
806 1109 1063 1152 Eumenen
1095 1125 1147 1152 ex
1178 1109 1375 1152 Vaticani
1406 1109 1588 1152 lectione
1619 1111 1668 1152 fr.
1699 1109 1762 1154 IV
1786 1111 1854 1164 69,
1880 1111 1906 1153 8

347 1179 660 1222 restituendum
704 1196 794 1222 esse
838 1181 1063 1237 putabam,
1112 1181 1483 1236 Metrophanen
1525 1182 1707 1224 fortasse
1753 1180 1908 1224 habuit

346 1250 478 1293 Nonii
510 1251 771 1306 archetypus
802 1252 852 1293 fr.
877 1251 939 1294 IV
965 1253 1002 1293 2.
1029 1277 1084 1281 —
1112 1251 1310 1294 Ceterum
1339 1253 1392 1294 τὰ
1422 1253 1633 1309 Κάβειρα,
1663 1266 1772 1308 quae
1801 1251 1908 1294 urbs

350 1321 505 1364 (jabim
529 1322 626 1364 fem.
653 1337 748 1379 gen.
774 1338 798 1363 a
824 1322 1029 1364 Romanis
1054 1323 1306 1378 plerumque
1332 1323 1534 1379 redditur,
1565 1322 1765 1366 Caberam
1787 1322 1906 1366 Vati-

347 1407 476 1434 canus
509 1394 558 1434 fr.
584 1392 646 1435 IV
672 1395 740 1449 69,
762 1394 817 1435 15
844 1393 1046 1448 appellat.

1084 1692 1169 1739 III.

636 1796 974 1853 Quaestionum
1004 1795 1348 1839 historicarum
1379 1795 1614 1850 epicrisis.

463 1891 528 1932 De
560 1891 690 1933 rebus
718 1891 815 1933 inde
841 1891 895 1933 ab
923 1906 1033 1933 anno
1061 1892 1115 1934 78
1148 1890 1201 1932 ad
1231 1905 1388 1932 annum
1414 1891 1470 1932 66
1502 1889 1616 1932 domi
1641 1888 1904 1944 militiaeque

347 1977 371 2003 a
401 1962 607 2003 Romanis
639 1962 773 2018 gestis
803 1962 940 2004 fusius
972 1961 1150 2004 disserui
1182 1960 1499 2018 prolegomenis
1531 1960 1674 2016 priore
1706 1959 1905 2002 editionis

347 2032 475 2074 huius
512 2032 713 2074 fasciculo
746 2033 970 2075 contentis.
1033 2032 1115 2075 Sed
1152 2032 1299 2074 eodem
1337 2033 1424 2074 fere
1446 2034 1674 2087 tempore,
1710 2045 1794 2086 quo
1830 2029 1905 2073 illa

346 2103 390 2144 in
421 2103 559 2145 lucem
590 2104 858 2159 prodierunt,
891 2104 1014 2146 docta
1044 2103 1335 2145 Bienkowskii
1367 2102 1667 2145 commentatio
1699 2101 1904 2157 inscripta

346 2174 554 2216 Kritische
585 2174 757 2217 Studien
786 2176 884 2217 {lber
918 2174 1182 2229 Chronoloyie
1210 2176 1300 2217 und
1325 2173 1557 2217 Geso-hicme
1586 2174 1655 2216 des
1680 2171 1903 2216 Sertorian.

346 2245 519 2298 Krieyes
543 2244 588 2286 in
616 2247 783 2289 Wiener
808 2246 980 2291 Studien
999 2246 1133 2288 XIII
1143 2261 1188 2300 p.
1208 2249 1292 2288 129
1317 2250 1408 2300 etp.
1427 2248 1512 2288 210
1537 2243 1651 2286 edita
1675 2246 1752 2299 est,
1776 2242 1903 2287 simul

345 2314 456 2356 liber
492 2314 705 2357 Theodori
741 2316 964 2358 Reinachii
1002 2316 1200 2372 apparuit
1235 2316 1484 2358 Mithrida-te
1513 2316 1720 2369 Εαραέον,
1755 2315 1820 2358 roi
1855 2315 1904 2358 de

347 2385 472 2442 Pom,
514 2386 586 2440 qui
624 2386 703 2428 viri
742 2386 977 2429 doctissimi
1016 2402 1112 2429 cum
1150 2402 1454 2442 saepenumero
1492 2401 1659 2428 mecum
1695 2384 1904 2428 consenti-

346 2459 458 2513 rent,
494 2472 815 2512 nonnumquam
851 2473 950 2499 vero
988 2457 1113 2500 aliter
1149 2461 1276 2513 atque
1315 2473 1394 2514 ego
1433 2457 1483 2499 de
1514 2471 1655 2499 rerum
1685 2458 1903 2514 gestarum

345 2529 540 2582 tempore
578 2527 875 2570 constituendo
914 2528 1188 2585 iudicassent,
1226 2528 1363 2570 denuo
1401 2527 1452 2568 de
1485 2527 1739 2583 quibusdam
1773 2528 1903 2570 rebus

345 2597 426 2639 hoc
458 2598 551 2639 loco
584 2598 802 2653 disputare
837 2598 943 2640 mihi
975 2599 1193 2654 proposui.
1740 2611 1741 2614 ’

463 2667 607 2722 Atque
639 2683 661 2709 e
694 2668 819 2710 belli
849 2668 1133 2711 Sertoriani
1164 2669 1384 2712 historia
1415 2669 1570 2711 summi
1595 2671 1660 2711 est
1685 2668 1902 2725 momenti,

346 2741 395 2780 ut
431 2741 620 2794 tempus,
657 2754 740 2794 quo
777 2739 1009 2794 Pompeius
1052 2740 1096 2781 in
1132 2740 1387 2796 Hispaniam
1426 2740 1646 2783 advenisse
1685 2739 1900 2796 putandus

346 2809 413 2864 sit,
446 2809 706 2852 definiamus.
757 2809 838 2852 Sed
863 2809 1148 2867 Bienkowski,
1181 2827 1205 2852 a
1231 2826 1314 2866 quo
1343 2810 1514 2866 saepius
1538 2811 1779 2868 approbata
1809 2825 1900 2853 esse

346 2895 405 2934 ea,
432 2895 539 2934 quae
566 2895 857 2938 exposueram,
883 2897 1047 2923 summo
1074 2882 1179 2923 mihi
1206 2882 1288 2924 fuit
1313 2882 1481 2938 gaudio,
1506 2884 1648 2924 tamen
1672 2881 1752 2923 hac
1777 2881 1828 2923 de
1853 2896 1899 2923 re
