1976 3190
273 165 300 206 6
771 162 927 200 Sallusti
951 164 1199 201 Historiarum
1222 163 1287 200 lib.
1308 165 1335 201 Ι.

272 273 500 316 Rhenum
538 275 690 328 atque
728 271 865 315 inter
900 288 1035 315 mare
1071 275 1301 316 nostrum
1339 275 1389 315 et
1425 271 1693 328 Oceanum,
1728 272 1830 317 nisi

274 360 369 400 qua
400 343 679 399 paludibus
718 343 855 386 invia
892 344 1010 401 fuit,
1046 344 1342 400 perdomita.
1405 342 1627 399 Optimis
1664 345 1830 390 autem

272 415 502 457 moribus
553 417 601 456 et
644 414 861 457 maxima
904 414 1175 458 concordia
1224 415 1332 472 egit
1380 414 1516 456 inter
1561 413 1831 461 secundum

273 489 425 541 atque
463 488 777 540 postremum
815 486 1008 528 bellum
1044 485 1469 543 Carthaginiense
1506 499 1709 540 ccmsaque

271 571 355 599 non
380 571 497 599 amor
521 557 713 609 iustitiae,
739 558 811 600 sed
838 561 970 600 stante
997 556 1246 612 Cast-thamna
1270 561 1398 600 metus
1415 557 1537 611 pacis
1560 557 1716 612 infidae
1736 557 1830 612 fudi.

272 627 338 670 At
376 627 632 677 discordia
676 630 724 670 et
768 627 988 670 avaritia
1030 631 1181 684 atque
1222 627 1435 670 ambitio
1468 630 1518 670 et
1554 630 1722 670 cetera
1758 643 1830 671 se-

274 699 453 741 cundis
490 699 645 741 rebus
682 699 808 741 oriri
845 701 990 741 sueta
1026 699 1156 741 mala
1192 702 1308 754 post
1342 698 1670 759 Carthaginis
1701 698 1832 742 exci-

274 770 410 812 dium
452 770 667 812 maxime
712 773 859 812 aucta
897 772 1025 812 sunt.
1093 769 1218 812 Nam
1260 769 1483 813 iniuriae
1525 769 1839 813 validiorum

274 843 322 883 et
354 841 415 884 ob
449 856 531 883 eas
563 841 810 884 discessio
843 841 1014 896 plebis
1045 856 1070 882 a
1100 841 1340 896 patribus
1376 840 1610 897 aliaeque
1641 840 1832 885 dissen-

273 912 444 955 siones
475 912 608 955 domi
634 913 775 954 fuere
806 912 904 954 iam
934 912 1050 954 inde
1082 927 1106 954 a
1131 912 1392 967 principio
1422 914 1584 968 neque
1612 913 1833 968 amplius

273 999 420 1040 quam
450 983 663 1040 regibus
695 983 910 1039 exactis,
948 983 1060 1025 dum
1090 985 1254 1025 metus
1286 998 1310 1024 a
1340 982 1616 1039 Tarquinio
1647 986 1697 1026 et
1727 983 1832 1027 bel-

271 1055 373 1097 lum
404 1070 557 1111 grave
589 1069 698 1097 cum
722 1054 929 1097 Etruria
960 1054 1186 1110 positum
1215 1056 1308 1110 est,
1340 1068 1501 1110 aequo
1533 1057 1582 1096 et
1605 1054 1833 1099 modesto

273 1126 382 1168 iure
426 1125 690 1182 agitatum.
761 1125 891 1167 Dein
934 1125 1112 1168 servili
1155 1125 1371 1181 imperio
1414 1128 1588 1180 patres
1629 1125 1834 1182 plebem

273 1212 527 1252 exercere,
572 1197 628 1239 de
665 1196 773 1239 vita
816 1199 968 1252 atque
1008 1199 1154 1253 tergo
1192 1195 1336 1253 regio
1379 1211 1514 1239 more
1551 1197 1833 1254 consulere,

272 1283 394 1325 agro
444 1268 642 1323 pellere
692 1270 740 1310 et
790 1267 979 1310 ceteris
1028 1267 1332 1323 expertibus
1375 1267 1472 1310 soli
1520 1267 1573 1310 in
1614 1267 1832 1324 imperio

272 1354 433 1396 agere.
501 1338 697 1389 Quibus
741 1338 976 1381 saevitiis
1021 1341 1069 1380 et
1111 1339 1325 1386 maxime
1367 1339 1543 1381 fenore
1587 1353 1834 1396 oppressa

272 1411 468 1468 plebes,
501 1425 608 1453 cum
634 1409 857 1452 assiduis
882 1409 1039 1452 bellis
1064 1409 1319 1452 tributum
1344 1412 1393 1451 et
1416 1409 1658 1453 militiam
1683 1409 1834 1454 simul

271 1483 539 1538 toleraret,
588 1484 781 1524 armata
828 1484 1048 1523 montem
1092 1495 1286 1524 sacrum
1330 1483 1481 1537 atque
1523 1479 1833 1524 Aventinum

272 1553 695 1609 insedittumque
726 1552 971 1595 tribunos
1003 1552 1175 1608 plebis
1207 1555 1256 1594 et
1287 1552 1387 1594 alia
1418 1552 1527 1595 iura
1558 1551 1660 1595 sibi
1690 1567 1832 1608 para-

271 1625 358 1667 vit.
418 1624 803 1667 Discordiarum
841 1627 889 1666 et
927 1623 1227 1666 certaminis
1270 1623 1527 1679 utrimque
1570 1623 1696 1666 finis
1730 1623 1834 1667 fuit

273 1696 547 1738 secundum
578 1695 770 1738 bellum
800 1695 1059 1738 Punicum.

389 1824 495 1870 App.
546 1825 576 1870 (I
596 1828 616 1859 8
642 1825 681 1859 et
706 1824 784 1870 9D‚
812 1828 832 1859 9
852 1825 890 1859 et
911 1828 955 1859 10
968 1823 1012 1869 K,
1040 1827 1084 1859 10
1108 1825 1146 1859 et
1167 1827 1209 1859 11
1226 1823 1268 1869 G,
1294 1824 1311 1858 I
1334 1835 1369 1869 p.
1392 1826 1472 1869 258,
1498 1826 1578 1870 260,
1605 1827 1673 1860 266
1685 1823 1761 1907 Bri)
1786 1846 1831 1852 --

271 1872 452 1909 Victorin.
475 1872 524 1907 ad
538 1872 610 1907 Cic.
628 1872 721 1907 rhet.
736 1885 770 1917 p.
787 1875 832 1907 50
846 1873 945 1917 (rhet.
964 1873 1050 1907 min.
1061 1883 1099 1917 p.
1115 1873 1218 1917 158):
1248 1871 1334 1907 ‘Res
1354 1871 1524 1907 Romana
1545 1901 1670 1908 ......
1690 1872 1738 1908 be
1753 1871 1833 1909 lum

273 1919 608 1966 Carthaginiense.’
632 1941 676 1945 —
695 1919 928 1965 Augustinus
949 1919 995 1955 de
1014 1919 1083 1955 civ.
1101 1918 1171 1954 Dei
1184 1919 1219 1954 II
1233 1922 1294 1955 18:
1317 1918 1430 1954 ‘Nam
1448 1930 1532 1954 cum
1551 1918 1702 1965 optimis
1721 1919 1832 1955 mori-

272 1969 341 2003 bus
369 1997 494 2003 .....
522 1968 848 2003 commemorasset
879 1966 1000 2012 egisse
1032 1977 1258 2011 causamque
1283 1965 1392 2001 huius
1424 1965 1515 2001 boni
1541 1995 1548 2002 .
1571 1996 1577 2002 .
1600 1995 1607 2003 .
1629 1995 1636 2002 .
1653 1995 1667 2004 ,.
1692 1965 1832 2003 infidae

273 2015 440 2061 dixisset,
467 2014 644 2050 continuo
671 2014 831 2050 subiecit
855 2014 956 2050 idem
983 2013 1181 2049 Sallustius
1207 2015 1246 2049 et
1270 2013 1341 2050 ait:
1374 2013 1425 2049 At
1450 2013 1673 2050 discordiae'
1696 2025 1726 2051 e.
1747 2026 1781 2060 q.
1803 2027 1830 2051 s.
1854 2036 1856 2039 ·

272 2085 316 2089 -
332 2063 488 2109 Sinyula
501 2064 595 2100 idem
614 2064 756 2098 attulit:
776 2062 821 2097 de
836 2061 903 2097 civ.
919 2061 989 2097 Dei
1002 2061 1054 2096 ΠΙ
1067 2065 1128 2098 21:
1152 2061 1279 2096 tPorro
1298 2060 1397 2096 inter
1416 2072 1485 2097 sec.
1504 2062 1542 2096 et
1559 2062 1673 2107 postr.
1688 2061 1831 2098 bellum

272 2111 396 2146 Carth.
423 2110 573 2154 quando
601 2109 801 2145 Sallustius
828 2109 979 2155 optimis
1001 2138 1102 2145 .....
1125 2108 1221 2144 dixit
1246 2108 1367 2154 egisse
1391 2109 1593 2144 Romanos'
1621 2110 1710 2154 eta,
1738 2108 1830 2146 ibid.

271 2159 323 2193 III
338 2162 398 2194 16:
421 2158 581 2202 ‘tempus
595 2157 702 2202 illud,
723 2168 796 2202 quo
815 2168 933 2201 usque
947 2156 1040 2191 dicit
1054 2155 1254 2192 Sallustius
1274 2167 1394 2201 aequo
1409 2185 1509 2192 .....
1525 2155 1723 2202 agitatum,
1743 2156 1832 2192 dum

271 2206 392 2240 metus
414 2234 516 2240 .....
538 2204 703 2250 positum
733 2205 823 2249 est'3
849 2203 940 2240 ibid.
967 2204 1019 2239 III
1040 2207 1100 2240 17:
1135 2203 1246 2239 ‘Dein
1276 2203 1403 2239 servili
1424 2233 1526 2240 .....
1546 2203 1690 2240 bellum
1718 2203 1831 2240 Puni-

272 2253 383 2297 cum’3
405 2252 495 2288 ibid.
511 2252 544 2287 V
556 2256 616 2288 12:
640 2251 720 2287 ‘ubi
735 2251 828 2287 dicit
841 2251 997 2286 iniurias
1018 2251 1243 2287 validiorum
1258 2281 1347 2287 .....
1362 2251 1473 2287 finem
1490 2250 1606 2287 fuisse
1624 2251 1726 2287 bello
1738 2251 1829 2288 Pun.

273 2312 361 2345 sec,
394 2301 499 2346 quia
529 2311 686 2335 rursus
703 2301 855 2346 yravis
879 2304 1014 2335 metus
1038 2300 1182 2344 coepit
1205 2311 1360 2346 uryere
1384 2303 1512 2345 atque
1536 2299 1588 2335 ab
1612 2299 1712 2335 illis
1730 2311 1830 2345 per-

272 2348 609 2384 turbationibus
640 2348 735 2383 alia
765 2348 929 2382 maiore
961 2358 1067 2382 cura
1105 2348 1303 2383 cohibere
1336 2347 1506 2382 animos
1541 2347 1764 2392 inquietos
1793 2351 1832 2382 et

272 2397 328 2431 ad
353 2395 635 2431 concordiam
659 2406 863 2430 revocare
882 2394 1082 2430 civilem'.
1102 2415 1150 2419 ——
1167 2394 1273 2430 Adde
1290 2394 1514 2429 testimonia:
1538 2392 1700 2428 NoniiH
1717 2405 1752 2439 p.
1768 2397 1831 2430 92:

275 2443 342 2478 ‘cis
356 2442 528 2478 Rhenum
539 2471 629 2478 .....
641 2441 878 2487 perdomita?
890 2463 934 2467 —
944 2442 1063 2477 Amm.
1075 2441 1240 2477 Marcell.
1252 2440 1320 2477 XV
1332 2445 1392 2477 12:
1409 2441 1521 2476 ‘Nam
1533 2451 1659 2476 omnes
1671 2440 1830 2487 Galliae,

272 2490 345 2525 nisi
366 2502 441 2535 qua
503 2519 509 2525 .
524 2519 551 2525 ..
573 2489 685 2534 fuere,
714 2489 812 2537 (ut)
832 2488 1011 2524 Sallustio
1033 2489 1187 2524 docetur
1205 2489 1371 2524 auetore’
1394 2490 1463 2524 etc.
1484 2509 1528 2514 —
1549 2488 1648 2524 Serv.
1670 2488 1719 2524 ad
1738 2488 1829 2525 Aen.

271 2539 421 2574 V1540:
445 2537 557 2572 ‘inter
577 2537 781 2572 secundum
795 2565 884 2572 .....
902 2536 1236 2581 Carthaginiense?
1254 2558 1298 2562 —
1316 2535 1435 2572 Schol.
1450 2535 1571 2572 Vatic.
1593 2535 1830 2582 (Philargyr.)

273 2586 322 2620 ad
342 2585 473 2630 Georg.
495 2585 546 2620 IV
565 2587 650 2620 238:
679 2583 831 2619 ‘iniuria
850 2583 1101 2619 validiorum.'
1124 2606 1168 2610 -
1188 2584 1322 2620 Donat.
1344 2583 1393 2619 ad
1412 2583 1557 2618 Terent.
1578 2583 1692 2618 Andr.
1712 2583 1730 2618 I
1743 2586 1775 2628 1,
1790 2587 1828 2620 9:

275 2632 385 2668 ‘Dein
406 2661 507 2668 .....
529 2632 724 2668 exercere.'
747 2653 791 2657 —
810 2631 916 2666 Arus.
936 2643 971 2676 p.
993 2634 1078 2667 480:
1103 2631 1191 2667 ‘SaL
1212 2631 1297 2666 hist.
1316 2631 1348 2667 I:
1372 2631 1517 2666 armata
1537 2659 1640 2666 .....
1661 2629 1828 2667 insedit?

274 2702 317 2706 ——
339 2681 438 2716 Serv.
461 2679 588 2726 (schol.
603 2679 712 2725 Dan.)
732 2679 781 2714 ad
797 2678 887 2715 Aen.
902 2679 988 2714 VIII
1001 2682 1086 2714 479:
1109 2679 1288 2715 ‘montem
1301 2707 1404 2716 .....
1419 2677 1584 2714 insedit.'
1602 2699 1645 2703 —
1659 2677 1829 2715 Diomed.

273 2741 307 2772 p.
329 2731 414 2764 444:
444 2728 621 2763 ‘montem
649 2756 750 2763 .....
776 2725 941 2762 insedit.’
970 2728 980 2771 {l
1004 2725 1078 2760 nisi
1104 2727 1194 2780 qua]
1220 2727 1383 2770 Nonius,
1414 2725 1650 2769 Ammianus,
1682 2725 1723 2760 F
1749 2726 1829 2762 Vic-

274 2777 403 2819 torini,
429 2775 518 2819 quia
541 2776 592 2819 D,
618 2786 714 2819 quae
740 2786 762 2809 a
787 2775 823 2809 B
849 2774 1038 2809 Victorini.
1064 2795 1111 2799 -—
1136 2775 1229 2856 egat]
1256 2773 1336 2819 egit
1359 2784 1418 2808 res
1442 2771 1595 2818 publica
1619 2784 1663 2808 ex
1681 2773 1718 2807 B
1749 2772 1829 2809 Vie-

272 2824 386 2858 torini
417 2823 543 2866 Kritz,
574 2833 632 2857 res
662 2821 815 2868 publica
845 2822 1040 2857 secumdum
1064 2821 1104 2855 D
1129 2826 1162 2857 et
1247 2823 1327 2857 iwre
1356 2821 1476 2856 omisit
1506 2820 1638 2864 Halm,
1669 2819 1829 2866 populus

273 2870 463 2904 Romanus
477 2871 585 2916 vulyo
597 2882 641 2905 cx
654 2870 872 2916 Auyustino.
887 2890 933 2894 —
945 2869 1173 2914 postremum
1192 2868 1333 2903 bellum
1347 2866 1670 2914 Carthaginiense]
1689 2868 1831 2912 postre-

274 2929 376 2953 mum
400 2918 648 2964 Auyustinus,
682 2918 905 2962 Victorinus,
937 2916 977 2952 F
997 2916 1116 2952 Servii
1121 2930 1135 2960 ;
1166 2915 1340 2952 ultimum
1363 2916 1439 2952 rell.
1465 2914 1593 2952 Servii.
1623 2935 1670 2941 —
1700 2925 1831 2951 causa-
