2034 3184
653 143 881 192 Fragmenta
904 144 1051 182 incerta
1071 149 1221 216 18—3’20.
1635 147 1724 190 205

275 252 354 300 27.
503 254 771 311 publicum
795 254 986 298 studiis
1011 259 1351 312 corruperant
1380 272 1454 299 me
1479 257 1723 301 veri.u...

13 321 15 323 ¹
63 300 99 360 ’1Ἣῖ
149 322 310 369 11111118
340 341 402 383 p
422 326 510 383 ..†

345 443 382 479 p.
421 432 548 479 (Deest
571 444 614 470 m
630 433 878 479 editionibus)
897 453 943 460 —
964 432 1086 469 Schol.
1106 434 1234 470 Bemb.
1257 434 1306 470 ad
1325 435 1439 472 Haut.
1460 435 1540 472 tim.
1560 435 1612 471 III
1633 438 1665 480 1,
1679 439 1723 471 81

63 479 74 508 ε’
154 431 496 564 ἕωῖἶηῳΐεηόἓωὴ
520 480 646 518 Herm.
665 481 717 516 II
730 492 770 527 p.
791 482 895 527 375):
924 481 1039 526 ‘,vera
1062 481 1185 527 utilia,
1212 484 1254 517 ut
1274 482 1392 519 Sall..
1410 483 1456 519 ..²
1496 483 1585 519 Post
1607 494 1724 519 vocem

47 521 59 560 .‘
271 531 348 564 octo
373 529 515 565 litteras
538 529 750 573 desiderari,
773 530 870 565 inter
894 528 974 564 veri
999 534 1107 575 atque
1131 541 1156 564 u
1180 542 1312 575 unam,
1338 512 1423 566 dein
1447 532 1544 567 inter
1569 543 1593 566 u
1618 536 1725 577 atque

152 585 272 611 mum
294 579 378 620 tres,
402 576 445 612 in
467 577 539 622 fine
563 581 635 614 tres
659 577 774 613 deesse
798 577 922 613 docuit
948 577 1204 623 Umpfenbaeh.
1226 599 1269 603 —-
1289 579 1341 614 In
1364 579 1474 615 initio
1494 581 1614 625 possis
1638 591 1723 626 sup-

43 614 96 668 ᾗῇ
149 623 251 671 plere
275 623 404 671 (datis
430 623 499 672 in>
522 623 717 671 publicum
741 623 890 670 studiis,
915 626 1059 671 reliqua
1083 627 1272 662 emendare
1297 627 1496 672 desperavi.

273 699 440 741 Comm.
501 701 638 742 Priore
669 701 886 754 fragmenti
922 703 1036 753 parte
1074 703 1314 743 commoveri
1350 703 1567 755 possimus,
1606 706 1652 742 ut
1683 704 1723 743 in

0 771 2 790 ὲ
151 759 301 800 librum
324 760 500 812 primum
524 763 566 801 81
590 761 642 800 ad
665 761 842 801 auctoris
866 762 1117 812 prooemium
1140 763 1238 802 haec
1262 763 1495 815 referamus,
1527 766 1571 802 at
1595 765 1725 803 altera

151 820 268 871 parte
298 821 384 860 tam
414 822 605 873 corrupta
634 834 858 872 mancaque
889 822 1155 862 cohibendum
1184 823 1320 873 potius
1351 825 1412 862 est
1443 823 1649 863 iudicium.

254 933 351 1003 ‘280
382 955 383 958 ¹
410 935 479 979 At
509 951 619 980 cum
650 937 941 981 mandatum
972 938 1158 981 credat.

267 1041 376 1089 App.
425 1042 551 1089 (Deest
574 1045 617 1079 in
641 1044 886 1090 editionibus.)
919 1065 963 1070 —
997 1043 1133 1080 Glossa
1157 1044 1280 1081 Vatic.
1308 1047 1374 1091 (ed.
1401 1046 1448 1082 A.
1470 1046 1603 1082 Maius
1627 1050 1723 1082 auct.

148 1090 252 1127 class.
280 1089 364 1126 VH
379 1102 407 1137 p
438 1092 536 1138 567).
562 1093 574 1138 ΙΙ
599 1093 641 1127 at
672 1103 757 1127 cum
787 1092 1026 1140 mandatum]
1058 1093 1390 1129 adcommodatum
1420 1094 1642 1130 mandatum
1670 1095 1723 1130 ed.

150 1137 296 1183 Maius,
319 1139 464 1175 correxi
485 1140 633 1176 sublata
658 1141 918 1187 dittoyraphia.

270 1245 350 1294 29.
411 1247 711 1292 Confestim.

267 1353 375 1401 App.
425 1354 514 1401 (Inc.
542 1354 646 1401 981),
672 1354 775 1401 67Κ,
803 1355 883 1402 SG,
909 1329 1182 1404 ΠΡ5.14Β1·.)
1211 1379 1255 1384 -
1282 1357 1424 1394 Charis.
1450 1370 1486 1404 p.
1509 1361 1594 1395 196:
1623 1359 1723 1394 ‘'-con

148 1400 310 1439 festini.
390 1402 629 1438 ,Sallustius
655 1402 753 1438 libro
767 1385 888 1439 fessit
912 1406 956 1440 111
967 1369 1124 1440 nuntiis
1156 1405 1355 1442 confestim
1383 1406 1626 1452 lugubribus,
1657 1407 1722 1442 ubi

149 1449 325 1486 Statilius
347 1430 536 1486 lliaximus
563 1450 693 1487 ordine
718 1451 844 1497 inquit
870 1454 909 1488 et
934 1452 1014 1489 sine
1040 1453 1333 1490 intermissione’
1361 1456 1414 1491 sic
1433 1455 1482 1491 N.

266 1526 435 1568 Gomm.
497 1527 608 1576 Quae
647 1528 835 1569 Statilius
871 1530 1070 1570 Maximus
1114 1531 1342 1580 adnotavit
1386 1532 1438 1571 ad
1483 1532 1721 1571 Sallustium

147 1588 327 1639 spectare
358 1590 575 1641 nequeunt,
606 1589 755 1628 etenim
786 1590 854 1629 ille
881 1589 1082 1630 Ciceronis
1114 1605 1235 1642 opera
1263 1592 1388 1631 edidit
1412 1594 1723 1632 commentatus-

147 1660 227 1700 que
251 1649 314 1688 881
337 1649 380 1688 81
403 1646 586 1688 libellum
611 1644 676 1688 ‘de
701 1649 975 1702 singularibus
1000 1651 1109 1702 apud
1129 1651 1360 1692 Ciceronem
1383 1665 1545 1704 quoque
1564 1649 1723 1703 positis'

147 1707 390 1760 composuit,
426 1710 636 1760 praeterea
672 1709 796 1749 etiam
833 1710 880 1750 de
919 1710 1069 1750 Catone
1111 1712 1417 1752 commentarios
1454 1711 1631 1763 scripsit,
1675 1712 1722 1750 de

147 1767 342 1808 Sallustio
373 1781 469 1808 vero
500 1781 718 1822 nusquam,
757 1770 891 1820 quoad
922 1771 1087 1823 80118118,
1125 1772 1220 1824 egit.
1281 1772 1343 1811 Ex
1374 1773 1547 1823 utroque
1585 1774 1721 1812 autem

147 1827 303 1867 Statilii
339 1829 624 1869 commentario
662 1829 794 1869 Iulius
825 1830 1030 1871 Romanus
1066 1832 1198 1871 multa
1235 1834 1502 1884 excerpserat,
1541 1845 1643 1883 quae
1682 1832 1722 1870 in

147 1879 341 1928 Charisii
355 1889 442 1928 arte
479 1902 586 1928 nunc
622 1879 812 1942 legimus:
855 1890 994 1942 itaque
1035 1891 1110 1931 hoc
1154 1905 1314 1943 quoque
1358 1893 1446 1932 1000
1485 1893 1722 1944 exemplum,

72 1963 73 1966 ¹
146 1947 255 2016 quod
279 1947 442 2000 quidem
461 1949 648 1989 Statilius
674 1949 964 2001 interpretatus
989 1953 1061 2003 est,
1088 1952 1273 1992 Sallustii
1298 1965 1378 1992 non
1403 1964 1499 2004 esse,
1525 1952 1593 1991 sed
1614 1951 1722 1991 Cice-

145 2007 255 2048 ronis
285 2008 350 2048 vel
381 2007 546 2049 Catonis
576 2010 894 2050 concludendum
927 2011 1042 2051 nobis
1081 2013 1151 2051 est.
1214 2012 1274 2052 Ac
1303 2012 1395 2051 Keil
1427 2012 1616 2052 excidisse
1647 2012 1722 2051 hoc

147 2066 348 2108 Ciceronis
381 2069 609 2120 exemplum
645 2071 738 2109 ante
768 2071 891 2110 verba
921 2072 990 2110 ubi
1018 2071 1198 2111 Statilius
1233 2073 1348 2111 ratus
1386 2073 1448 2111 est
1479 2066 1612 2126 (velut
1643 2070 1722 2111 Cic.

147 2127 195 2167 de
219 2127 298 2168 inv.
324 2127 367 2168 H
387 2130 455 2181 12,
474 2130 531 2168 42
558 2129 640 2169 sive
665 2130 767 2169 Phil.
787 2131 825 2168 V
848 2133 914 2182 12,
936 2126 1024 2186 31).
1074 2132 1273 2183 Equidem
1298 2145 1372 2184 ego
1398 2132 1597 2172 noluerim
1621 2132 1722 2171 duas

146 2187 337 2228 continuo
368 2188 534 2229 lacunas
565 2190 755 2242 statuere,
786 2203 961 2242 namque
991 2193 1084 2242 post
1107 2205 1247 2232 vocem
1278 2193 1375 2231 libro
1405 2193 1447 2232 et
1471 2193 1564 2231 ante
1590 2192 1721 2243 ipsum

147 2248 375 2299 exemplum
398 2248 588 2288 lacunam
606 2261 703 2302 esse,
729 2263 811 2301 qua
835 2250 928 2290 libri
952 2264 1144 2291 numerus
1169 2251 1317 2292 excidit
1341 2254 1382 2292 et
1407 2265 1454 2291 ex
1474 2265 1555 2303 qua
1575 2252 1721 2292 codicis

145 2307 266 2348 lectio
295 2308 408 2357 fessit
436 2310 576 2360 procul
607 2309 728 2349 dubio
761 2312 950 2361 corrupta
981 2313 1071 2351 orta
1102 2313 1174 2364 est,
1212 2314 1381 2352 constat.
1443 2313 1598 2352 Eadem
1628 2325 1721 2352 vero

146 2366 222 2407 hac
238 2367 386 2409 lacuna
405 2369 530 2408 etiam
543 2369 727 2409 Sallustii
745 2371 866 2410 verba
889 2371 1084 2411 exhausta
1103 2385 1188 2412 esse
1208 2372 1361 2424 opinor,
1380 2372 1422 2410 id
1441 2374 1579 2411 autem
1599 2385 1721 2411 enun-

145 2426 306 2480 tiatum,
338 2429 447 2480 qnod
473 2429 659 2469 Statilius
684 2430 974 2481 interpretatus
1000 2433 1072 2484 est,
1103 2432 1266 2472 minime
1293 2432 1490 2484 Sallustii,
1523 2432 1592 2471 sed
1623 2433 1721 2470 alte-

145 2487 232 2527 rius
262 2499 347 2528 8888
379 2489 602 2540 scriptoris3
634 2491 757 2541 atque
785 2489 928 2530 Catoni
952 2491 1059 2532 idem
1083 2492 1349 2544 attribuerim,
1383 2492 1533 2542 quippe
1568 2492 1675 2543 quod
1701 2506 1721 2530 e

145 2560 280 2588 rerum
317 2548 510 2600 scriptore
546 2550 683 2600 potius
722 2563 845 2601 quam
879 2565 927 2590 ex
958 2553 1115 2591 oratore
1154 2553 1370 2592 oriundum
1408 2564 1492 2591 esse
1523 2552 1721 2592 videatur.

147 2606 258 2655 Quae
284 2608 319 2647 81
343 2608 404 2648 ita
428 2610 534 2662 sunt,
566 2623 587 2650 e
613 2609 794 2650 Charisio
823 2610 882 2649 nil
907 2611 1108 2664 discimus,
1138 2612 1216 2652 nisi
1240 2626 1337 2653 voce
1363 2613 1563 2661 confestim
1589 2612 1719 2651 Sallu-

146 2666 272 2708 stium
301 2681 422 2708 usum
452 2681 549 2709 esse.

267 2769 346 2818 30.
406 2771 578 2816 Luces.

266 2879 373 2926 App
423 2878 511 2926 (Inc
534 2879 663 2927 1161),
695 2880 805 2927 88Κ,
838 2881 947 2924 696
978 2881 1072 2929 Hp.
1100 2882 1258 2929 398Br.)
1297 2904 1340 2910 --
1380 2883 1481 2919 Serv.
1517 2894 1647 2920 comm.
1681 2884 1720 2920 in

140 2925 283 2964 ‘Donat
307 2940 344 2975 p
363 2931 446 2965 432.
