1976 3190
1730 32 1732 34 ·
1754 0 1976 61 ''W“

282 162 372 202 *116
760 159 916 195 Sallusti
939 159 1188 195 Historiarum
1213 159 1278 195 lib.
1299 160 1360 195 111.
1728 136 1730 138 ’
1952 134 1953 138 ’

288 268 539 323 advenisset,
570 267 700 322 tapud
726 266 991 310 Chalcedona
1021 270 1135 310 terra
1160 267 1283 322 fudit,
1314 266 1418 308 mari
1446 266 1565 308 exuit
1591 266 1723 310 classe
1746 267 1838 324 pul·

123 341 191 395 23,
211 341 267 382 24
288 337 510 380 cherrima’
544 335 618 394 (fr.
645 339 713 394 23,
744 336 832 395 24).
894 337 1009 389 Quae
1042 339 1142 380 dum
1173 340 1372 395 aguntur,
1402 336 1605 379 Lucullus
1636 351 1661 379 a
1691 335 1840 382 Cilicia

287 409 339 450 ad
364 408 598 465 Phrygiam
624 409 842 463 profectus
867 409 930 451 ibi
957 409 1244 464 ‘equestribus
1270 407 1445 463 proeliis
1473 407 1655 450 feliciter
1678 423 1840 467 pugna-

287 480 348 521 vit
379 482 422 520 et
453 479 619 534 aliquot
650 479 944 534 expeditiones
974 495 1202 535 prosperas
1227 479 1342 521 fecit’
1375 478 1495 536 (Liv.
1522 494 1621 533 per.
1648 478 1736 537 94),
1767 480 1841 523 sed

286 550 430 591 audita
468 550 584 591 clade
620 549 827 605 Cyzicena
864 551 1071 592 auxilium
1108 551 1217 592 ferre
1255 550 1442 606 collegae
1480 549 1744 607 properavit,
1780 550 1840 594 in-

286 621 385 662 vitis
417 620 628 662 militibus
660 624 788 676 atque
821 621 865 662 in
895 621 1080 663 Pontum
1118 636 1295 678 regnum
1330 620 1529 677 progredi
1566 620 1841 664 hortantibus

286 690 434 748 (Plut.
455 707 487 733 c.
503 694 528 734 8
554 689 667 746 ἦσαν
692 689 772 747 μὲν
792 689 875 734 οὖν
893 693 939 734 oc
955 694 1033 734 τὸν
1054 693 1342 734 Λούκουλλον
1368 706 1401 733 e.
1423 706 1461 746 q.
1482 706 1512 732 s.
1539 706 1672 747 usque
1698 692 1752 734 ad
1771 691 1840 736 ἐπὶ

284 765 439 812 κενοὺς
475 762 622 805 αὐτῶν
661 764 764 812 τοὺς
801 764 1001 817 φωλεοὺς
1044 761 1277 820 βαδίζειν),
1321 762 1394 804 sed
1431 761 1618 804 inhibita
1653 763 1840 806 militum

209 835 265 876 25
286 833 492 875 seditione
524 832 596 891 (fr.
625 831 701 890 25)
733 848 869 888 prope
897 833 1205 875 Chalcedonem
1236 832 1426 875 consedit
1452 831 1599 889 (Plut.
1625 847 1658 876 c.
1685 834 1711 877 8
1742 834 1840 878 inde

286 919 326 946 a:
370 905 392 948 ὁ
435 902 484 947 δὲ
521 905 654 946 Λούκ.
693 904 901 959 οὐδεμιᾶς
941 901 1054 946 εἶναι
1094 902 1216 960 κτλ).
1283 903 1391 944 Tum
1433 918 1532 945 vero
1555 892 1842 948 'Mithridates

121 977 189 1032 26,
210 977 262 1018 27
285 978 415 1016 noctu
453 974 562 1016 clam
596 973 795 1028 Cyzicum
833 973 941 1015 abiit
979 972 1053 1030 (fr.
1081 975 1149 1030 26,
1181 972 1275 1030 27),
1314 989 1442 1028 quem
1478 974 1680 1018 Lucullus
1718 991 1845 1032 quam

286 1045 503 1087 celerrime
550 1047 720 1086 secutus
763 1045 816 1086 ad
855 1044 1055 1099 Cyzicum
1098 1044 1192 1086 loco
1234 1047 1450 1099 oportuno
1488 1047 1627 1087 castra
1663 1047 1847 1090 munivit

210 1119 265 1159 28
287 1115 362 1173 (fr.
389 1114 465 1172 28)
498 1118 843 1170 commeatusque
881 1115 1081 1157 hostibus
1119 1115 1374 1170 intercipere
1405 1115 1548 1171 coepit
1579 1115 1726 1173 (Plut.
1759 1133 1792 1161 c.
1818 1120 1844 1160 9

286 1201 419 1242 usque
445 1186 498 1227 ad
524 1186 583 1236 ὡς
615 1187 779 1240 ὀλίγων
809 1175 986 1243 ἡμερῶν
1016 1185 1272 1242 ἀναιμωτὶ
1303 1188 1357 1229 τὸ
1390 1189 1579 1241 νίκημα
1609 1190 1844 1245 παραδώ-

210 1260 264 1300 29
286 1270 389 1301 σων
429 1259 628 1311 αὐτοῖς,
672 1258 728 1299 fr.
755 1256 844 1315 29).
905 1258 964 1299 Et
1003 1257 1073 1299 hic
1111 1257 1252 1312 Cyzici
1291 1257 1411 1300 urbis
1449 1258 1580 1300 situm
1617 1258 1845 1303 Sallustius

120 1331 189 1386 30,
209 1331 261 1371 31
286 1328 535 1383 exposuisse
566 1328 736 1370 videtur
766 1327 842 1385 (fr.
869 1330 938 1381 30,
970 1327 1058 1384 31).

402 1399 465 1441 Ae
495 1399 767 1441 Mithridates
799 1414 895 1441 cum
927 1399 1176 1441 Valerianos
1214 1403 1410 1455 χαλεπῶς
1444 1401 1704 1456 διατεθῆναι
1734 1403 1846 1458 πρὸς

285 1471 422 1514 αὐτὸν
447 1469 556 1528 (scil.
576 1468 822 1527 Lucullum)
849 1470 986 1520 εὐθὺς
1013 1469 1060 1513 ἐν
1079 1470 1188 1526 ἀρχῇ
1214 1477 1293 1513 τοῦ
1318 1470 1512 1526 πολέμου
1534 1473 1644 1528 πρὸς
1667 1474 1842 1532 Κυζίκῳ

286 1540 361 1598 (fr.
381 1541 422 1583 V
450 1540 524 1598 10)
551 1542 660 1583 bene
687 1540 971 1597 intellegeret,
996 1541 1135 1595 pretio
1162 1542 1215 1582 ad
1241 1541 1523 1584 defectionem
1548 1557 1620 1585 eos
1645 1543 1844 1598 pellicere

120 1614 188 1668 32,
209 1614 264 1655 33
285 1613 451 1655 studuit
483 1611 559 1670 (fr.
586 1613 661 1668 32,
693 1611 788 1670 33),
823 1612 897 1667 qui
935 1615 1079 1654 tamen
1110 1615 1286 1655 conatus
1317 1612 1428 1658 irriti
1460 1613 1562 1655 facti
1593 1616 1704 1656 sunt.
1764 1614 1846 1657 De-

286 1684 382 1726 inde
409 1684 523 1726 omni
551 1684 676 1726 modo
703 1686 752 1725 ut
778 1686 1044 1740 expugnaret
1069 1683 1279 1739 Cyzicum,
1305 1699 1479 1739 operam
1505 1677 1633 1742 dedit,
1657 1685 1844 1741 primum

209 1756 265 1797 34
286 1755 393 1797 mari
418 1755 601 1797 navibus
628 1753 703 1812 (fr.
724 1753 812 1812 34),
839 1754 988 1796 deinde
1014 1758 1128 1797 terra
1153 1755 1319 1812 ingenti
1345 1770 1441 1797 cum
1467 1755 1655 1798 exercitu
1680 1771 1844 1812 perque

119 1826 188 1881 35,
208 1827 264 1868 36
285 1826 502 1868 machinas
539 1840 683 1867 muros
721 1840 949 1882 aggressus
988 1824 1062 1883 (fr.
1095 1827 1170 1882 35,
1203 1825 1296 1883 36),
1334 1829 1598 1881 postremum
1636 1830 1844 1883 occupato

284 1897 500 1952 Dindymo
546 1899 692 1938 monte
737 1911 759 1938 e
800 1896 1018 1951 superiore
1061 1897 1155 1939 loco
1200 1897 1438 1952 oppidanos
1481 1897 1756 1954 impugnans,
1799 1901 1845 1940 at

287 1967 484 2022 Cyziceni
517 1983 682 2010 summa
714 1982 811 2009 cum
841 1967 1094 2010 fortitudine
1126 1968 1163 2009 ei
1195 1968 1464 2025 restiterunt3
1503 1967 1660 2023 quibus
1696 1971 1744 2011 ut
1775 1969 1843 2011 ad-

285 2042 437 2081 ventus
469 2038 534 2080 sui
567 2038 801 2093 auxiliique
833 2038 1031 2080 fiduciam
1069 2041 1246 2095 augeret
1276 2039 1490 2095 LucuHus,
1521 2038 1704 2082 militem
1738 2054 1843 2083 nun-

284 2109 394 2151 tium
425 2109 559 2164 misit,
599 2109 671 2164 qui
709 2124 787 2164 per
817 2124 932 2151 mare
965 2109 1073 2151 clam
1109 2110 1308 2152 hostibus
1340 2110 1393 2151 ad
1423 2109 1575 2152 urbem
1606 2111 1844 2154 transnavit

209 2182 262 2223 37
285 2178 361 2237 (fr.
389 2178 477 2237 37).
538 2179 712 2235 Iamque
743 2179 985 2222 Mithridati
1024 2181 1196 2237 emagno
1234 2195 1330 2223 cum
1368 2180 1557 2223 exercitu
1593 2181 1639 2223 in
1675 2181 1843 2224 obsidio

285 2251 469 2292 moranti
501 2252 763 2292 frumentum
795 2251 932 2293 defuit
955 2251 1075 2293 nullo
1107 2252 1265 2294 circum
1294 2251 1525 2307 adnitente,
1556 2251 1684 2294 simul
1707 2252 1864 2295 hiems·

285 2321 391 2363 mari
423 2322 714 2376 prohibebat’,
753 2337 837 2377 qua
875 2337 927 2364 ex
959 2337 1086 2364 causa
1115 2323 1260 2379 fames,
1298 2337 1398 2364 mox
1429 2322 1606 2364 morbus
1635 2337 1685 2365 ac
1715 2323 1846 2379 pesti·
1877 2310 1880 2317 ¹

122 2394 188 2448 38,
209 2394 264 2435 39
285 2392 418 2434 lentia
443 2396 537 2435 orta
569 2396 668 2438 sunt
703 2392 777 2450 (fr.
805 2395 873 2450 38,
899 2395 967 2450 39,
999 2393 1130 2435 Plut.
1156 2408 1188 2435 c.
1218 2392 1304 2450 11),
1336 2393 1389 2435 ad
1419 2393 1501 2435 hoc
1530 2395 1698 2448 partem
1728 2408 1842 2436 exer—

285 2463 413 2518 citus,
451 2478 578 2518 quam
610 2463 655 2504 in
686 2464 870 2518 patriam
907 2464 1128 2506 remiserat
1158 2464 1442 2521 Mithridates,
1479 2464 1532 2506 ad
1561 2464 1842 2519 Rhyndacum

72 2534 272 2591 40,41,42
285 2534 463 2577 fluvium
499 2534 702 2576 Lucullus
740 2535 956 2589 oppressit
994 2534 1069 2591 (fr.
1095 2533 1303 2592 40—42).
1365 2533 1531 2584 Quibus
1567 2535 1697 2577 rebus
1734 2548 1843 2578 com·

285 2609 428 2647 motus
459 2605 630 2647 sublata
661 2604 802 2659 Cyzici
835 2605 1057 2647 obsidione
1089 2621 1163 2648 rex
1194 2606 1288 2661 ipse
1318 2606 1501 2648 navibus
1532 2606 1666 2648 evasit
1689 2606 1842 2662 Lamp-

287 2691 448 2732 sacum,
487 2676 721 2718 exercitum
751 2690 850 2717 vero
884 2676 974 2717 eius
1006 2677 1246 2733 fugientem
1276 2677 1480 2719 Lucullus
1511 2679 1760 2731 persecutus
1790 2677 1843 2718 ad

287 2746 514 2789 Granicum
551 2748 710 2789 flumen
747 2747 874 2801 plane
911 2747 999 2788 fere
1038 2747 1193 2790 delevit
1225 2746 1373 2804 (Plut.
1406 2745 1558 2805 ibid).
1591 2773 1646 2777 —
1677 2747 1841 2789 Eodem

287 2821 479 2873 tempore
504 2818 550 2860 L.
575 2817 775 2874 Fannius,
800 2817 1072 2860 Fimbrianus
1099 2818 1201 2860 olim
1227 2818 1427 2872 desertor,
1452 2832 1500 2860 ac
1524 2818 1841 2874 Metrophanes,

286 2888 550 2930 Mithridatis
588 2889 731 2943 duces,
770 2888 814 2930 in
844 2887 983 2942 Mysia
1020 2904 1044 2929 a
1075 2889 1287 2930 Mamerco
1325 2891 1522 2943 praetore
1553 2889 1692 2945 fugati
1729 2891 1841 2944 sunt,
