1976 3190
286 156 312 199 8
776 153 931 190 Sallusti
955 153 1205 190 Historiarum
1230 154 1295 190 lib.
1315 154 1341 190 Ι.

285 267 405 304 ltalia
436 265 516 303 fuit
546 266 669 315 atque
702 263 782 315 qua
813 267 979 314 qwietam
1010 279 1036 304 a
1066 267 1173 305 bellis
1204 266 1409 306 civitatem
1439 265 1560 305 fuisse
1592 279 1617 305 a
1648 266 1839 307 Sallustio

285 326 390 363 infra
422 325 613 374 scriptum
644 337 727 363 esse
753 325 920 365 conicio:
952 325 1103 364 scilicet
1133 339 1180 365 ea
1211 328 1332 376 aetas,
1365 338 1467 375 quae
1499 325 1650 364 deletae
1676 325 1838 369 Cartha.-

285 384 369 435 gini
408 383 688 434 subiectaeque
727 384 914 424 Graeciae
953 385 1197 424 succedebat.
1266 385 1481 423 SaHustius
1520 386 1655 423 autem
1691 386 1733 424 et
1766 384 1841 435 hoc

286 445 326 482 et
354 442 581 492 insequenti
611 443 835 494 fragmento
861 444 1086 494 exposuisse
1117 444 1276 484 videtur
1291 445 1485 493 <pacatam
1507 444 1596 482 tum
1619 443 1840 484 florentem-

287 515 363 552 que
395 502 600 541 civitatem
630 502 830 542 luxuriam
861 505 902 542 et
932 503 1144 543 avaritiam
1175 503 1376 542 invasisse.

407 591 481 637 15.
544 592 774 644 Quietam
805 609 830 636 a
861 594 1015 636 bellis
1047 593 1323 636 civitatem.

404 686 509 731 App.
549 686 579 731 (Ι
599 690 666 721 112
679 686 723 732 D,
745 690 812 722 106
825 686 868 732 K,
890 690 932 722 51
949 686 991 732 G,
1011 687 1028 722 Ι
1045 699 1080 732 p.
1097 690 1165 722 390
1184 688 1222 722 et
1242 687 1275 721 Π
1293 699 1328 732 p.
1345 690 1411 721 231
1426 686 1500 732 ΒΥ.)
1521 708 1565 713 -
1585 686 1691 724 Arus.
1711 672 1840 733 11504.

406 763 571 802 Oomm.
627 763 686 802 De
718 776 762 802 eo
788 764 976 814 tempore,
1009 776 1088 813 quo
1113 763 1287 814 Lepidus
1312 763 1555 802 tumultuari
1580 763 1722 815 coepit,
1745 764 1843 804 haec

287 822 394 861 dicta
426 835 519 873 esse,
553 822 659 872 quod
690 822 860 861 editores
892 824 1053 873 excepto
1084 822 1236 862 Kritzio
1268 823 1529 874 affirmarunt,
1559 822 1722 862 minime
1751 835 1839 863 con·

288 882 399 932 ced03
436 895 608 931 namque
647 883 734 919 tum
765 881 913 931 ubique
944 882 1025 920 fere
1055 881 1161 920 bella
1193 884 1375 921 arserunt
1412 882 1650 922 saevissima.
1713 881 1842 929 Quare

287 941 328 979 in
359 941 607 991 prooemium
637 941 907 992 fragmentum
936 942 1202 980 revocandum
1233 954 1315 980 esse
1346 943 1468 991 patet.

409 1030 515 1076 16²³.
564 1032 636 1074 Ex
658 1047 753 1087 quo
781 1034 1009 1087 tempore
1033 1031 1277 1075 maiorum
1296 1047 1460 1075 mores
1477 1047 1576 1076 non
1595 1032 1844 1088 paulatim

288 1106 342 1145 ut
362 1105 526 1159 antea,
552 1103 637 1145 sed
657 1103 1072 1146 torrentis-modo
1091 1103 1445 1160 praecipitati3
1465 1103 1586 1146 adeo
1606 1103 1846 1147 iuventus

287 1175 410 1216 luxu
442 1177 593 1229 atque
625 1173 844 1216 avaritia
875 1177 1134 1230 corrupta,
1172 1178 1226 1216 ut
1257 1174 1438 1217 merito
1476 1174 1675 1217 dicatur
1704 1174 1844 1232 geni-

289 1248 368 1288 tos
400 1261 527 1302 esse,
565 1245 650 1301 qui
681 1260 842 1300 neque
873 1245 975 1300 ipsi
1000 1245 1188 1288 habere
1219 1248 1431 1301 possent
1462 1260 1541 1288 res
1570 1245 1845 1288 familiaris

288 1331 450 1372 neque
482 1316 611 1358 alios
643 1315 765 1371 pati.

408 1409 513 1455 App.
559 1410 588 1455 (Ι
609 1414 652 1444 12
666 1409 710 1454 D,
730 1409 774 1454 K,
795 1408 837 1454 Gr,
859 1409 875 1443 I
893 1421 927 1454 p.
945 1413 1012 1445 263
1026 1409 1100 1455 ΒΥ.)
1127 1431 1171 1435 -
1197 1409 1394 1455 Augustin.
1422 1410 1468 1445 de
1493 1409 1562 1446 civ.
1581 1409 1652 1446 Dei
1670 1410 1705 1446 Π
1725 1413 1779 1446 18.
1799 1431 1844 1437 --

291 1457 447 1504 Simqula
470 1458 575 1493 habet
594 1461 782 1503 praeterea
807 1456 898 1492 ibid.
919 1457 954 1492 H
973 1461 1016 1491 19
1043 1462 1076 1493 et
1099 1457 1133 1491 Π
1153 1461 1208 1492 22.

411 1533 574 1573 Oomm.
639 1533 877 1572 Sallustium
916 1534 1016 1585 legit
1052 1534 1229 1572 Velleius
1267 1534 1308 1572 ΙΙ
1349 1537 1391 1586 1,
1420 1537 1462 1573 l:
1506 1518 1670 1585 ‘quippe
1705 1537 1846 1574 remoto

293 1593 542 1642 Carthayims
571 1596 674 1632 metu
710 1593 948 1643 sublataque
984 1593 1141 1643 imperii
1179 1594 1337 1631 aemula
1366 1605 1446 1632 non
1472 1594 1603 1642 yradu
1638 1594 1706 1633 sed
1727 1605 1846 1643 prae-

292 1654 397 1702 cipiti
428 1665 545 1691 cursu
576 1666 599 1692 a
630 1653 780 1692 virtute
812 1653 1016 1704 descitum,
1050 1653 1100 1691 ad
1129 1652 1230 1692 vitia
1259 1648 1559 1692 transcursum.'

413 1742 519 1788 17³2.
580 1742 807 1800 August·
831 1743 887 1785 de
925 1743 1013 1786 civ.
1045 1743 1138 1786 Dei
1168 1742 1209 1785 Π
1234 1745 1308 1787 21:
1348 1743 1426 1786 Ἑο
1460 1743 1623 1799 quippe
1653 1746 1847 1800 tempore

293 1815 549 1872 disputatur,
576 1830 660 1871 quo
686 1815 771 1857 iam
793 1830 903 1857 unus
924 1814 1211 1857 Gracchorum
1230 1814 1393 1858 occisus
1418 1815 1512 1871 fuit,
1538 1830 1564 1856 a
1588 1829 1672 1871 quo
1697 1814 1849 1858 scribit

294 1886 525 1928 seditiones
556 1901 706 1943 graves
739 1885 929 1941 coepisse
961 1885 1216 1928 Sallustius?
1391 1882 1409 1887 ⁷*

410 1979 517 2024 App.
564 1979 593 2025 (I
613 1982 655 2014 11
670 1978 715 2025 D,
743 1983 786 2014 14
799 1979 843 2024 K,
871 1982 914 2014 13
929 1978 973 2024 G,
999 1979 1015 2013 I
1033 1991 1068 2024 p.
1085 1981 1153 2013 267
1167 1978 1241 2023 ΒΥ.)

413 2055 575 2094 Comm.
637 2055 832 2107 Velleius,
871 2055 941 2106 qui
977 2056 1063 2095 loco
1101 2055 1143 2092 in
1181 2054 1430 2094 enarratione
1461 2054 1644 2106 apposito
1681 2055 1848 2095 mortem

295 2115 461 2154 Gracchi
479 2116 634 2154 initium
653 2116 776 2154 civilis
795 2117 1000 2164 sanymms
1019 2115 1207 2166 appellat,
1234 2127 1313 2153 non
1338 2114 1468 2153 solum
1489 2114 1531 2152 in
1550 2127 1591 2153 re
1612 2114 1849 2161 Sallustium

295 2176 453 2213 secutus
485 2187 567 2213 esse
594 2175 662 2213 sed
693 2175 814 2216 et‘um
838 2175 959 2214 verba
991 2170 1134 2213 ‘civilis
1166 2173 1371 2225 sanguinis
1402 2170 1578 2212 initium’
1610 2174 1659 2212 ab
1691 2187 1736 2213 eo
1761 2185 1848 2212 mu—

294 2235 428 2272 tuasse
454 2234 623 2285 videtur,
656 2234 803 2284 quippe
836 2247 937 2284 quae
970 2233 1205 2272 Sallustiani
1237 2233 1426 2272 sermonis
1457 2233 1547 2272 sint.

416 2323 490 2368 18.
539 2324 602 2366 Et
627 2324 822 2366 relatus
847 2324 1140 2366 inconditae
1167 2323 1288 2366 olim
1312 2324 1449 2366 vitae
1475 2339 1595 2379 mos,
1620 2323 1682 2366 ‘ut
1706 2339 1848 2366 omne

294 2396 373 2437 ius
403 2395 455 2437 in
485 2395 686 2437 viribus
718 2398 864 2437 esset.

413 2489 518 2534 App.
564 2489 594 2534 (Ι
619 2492 662 2523 33
676 2488 720 2532 D,
747 2491 790 2523 38
804 2488 849 2532 K,
875 2493 920 2523 33
935 2488 992 2534 G.)
1019 2510 1062 2514 ——
1088 2489 1224 2524 Adnot.
1252 2489 1302 2524 ad
1325 2489 1460 2525 Lucan.
1486 2489 1504 2523 Ι
1524 2491 1591 2524 175
1617 2489 1725 2534 (deest
1751 2490 1847 2525 selm-

296 2538 372 2572 lion
396 2538 438 2572 in
465 2537 521 2582 G).
549 2557 593 2562 —-
619 2535 757 2570 Fronto
783 2546 817 2581 p.
841 2540 908 2571 160
934 2536 1115 2581 (Naber.):
1150 2537 1272 2571 ‘omne
1303 2535 1361 2571 ius
1392 2536 1432 2571 in
1462 2535 1708 2572 validioribus
1739 2536 1846 2572 esse.'

297 2606 340 2610 —-
366 2584 417 2619 Ut
437 2583 621 2619 Salustius
646 2582 686 2617 in
710 2583 829 2628 primo
855 2583 1035 2619 historiae
1057 2584 1153 2628 GW,
1178 2583 1298 2629 primo
1324 2596 1388 2620 om.
1417 2584 1458 2628 V,
1482 2584 1597 2630 vulyo.
1617 2585 1629 2629 ΙΙ
1647 2583 1688 2618 111
1705 2582 1848 2619 viribus

297 2632 410 2678 esset]
436 2631 476 2665 in
499 2630 747 2666 validioribus
773 2641 852 2665 esse
880 2631 1030 2667 Fronto.

416 2707 580 2747 Comm.
630 2708 914 2759 Fragmentum
940 2707 1045 2757 quod
1072 2707 1278 2746 Gerlachio
1305 2708 1464 2747 auctore
1490 2707 1537 2745 de
1565 2707 1699 2746 Sullae
1725 2706 1848 2746 domi-

297 2767 457 2805 natione
484 2766 635 2806 dictum
660 2779 742 2806 esse
768 2766 972 2817 accipitur,
1004 2767 1082 2805 huc
1113 2767 1358 2809 referendum
1385 2779 1468 2806 esse
1492 2766 1636 2805 Velleii
1665 2766 1850 2806 docemur

298 2839 490 2865 consensu
521 2827 607 2865 loco
640 2839 697 2878 eo,
730 2839 809 2876 quo
841 2826 918 2865 duo
949 2826 1047 2864 haec
1077 2827 1301 2878 fragmenta
1332 2838 1452 2876 supra
1481 2825 1692 2865 illustravi.
