1976 3190
525 169 752 218 Fragmenta
774 174 922 207 17-22.
950 192 997 197 —
1022 169 1222 207 Enarratio
1243 172 1392 208 23427.
1689 171 1742 212 67

164 277 302 338 ῖζὶῒω·
337 297 429 324 011111
459 284 636 324 exercitu
666 285 845 324 Romam.
865 284 993 323 redire
1024 284 1225 324 volentem
1258 285 1373 324 Sulla
1409 297 1501 323 cum
1538 286 1746 336 metueret,

173 345 311 397 polam
335 344 497 395 quidem
522 345 609 395 lege
635 345 683 383 de
708 344 841 384 reditu
867 343 953 383 eius
978 344 1063 382 lata
1089 344 1280 383 adiuvare
1307 345 1416 383 visus
1446 347 1517 396 est,
1548 345 1617 384 sed
1643 345 1747 384 clam

171 417 246 456 por
266 403 516 445 Herennium
540 404 760 455 tribunum,
785 417 834 443 ne
861 403 911 442 ad
940 403 1192 454 triumphum
1217 406 1495 456 reverteretur,
1526 404 1746 454 prohibuit.

171 462 319 503 Postea
342 477 436 504 vero
463 463 639 503 exercitu
658 463 901 514 Pompeiano
927 463 1029 503 hanc
1054 477 1137 502 rem
1162 476 1279 516 aegre
1299 464 1450 503 ferente
1476 465 1747 503 vehementer-

174 535 252 575 que
282 523 560 563 tumultuante
592 523 677 574 ipse
702 522 877 562 reditum
908 522 1239 574 triumphumque
1265 523 1455 574 Pompeio
1482 523 1686 563 concessit.

294 624 407 672 22⁸2
466 603 710 670 Narbone
741 641 832 682 per
863 626 1141 669 concilium
1174 626 1448 670 Gallorum.

291 719 399 766 App.
450 720 538 766 (Inc.
561 724 603 756 11
618 719 662 766 D,
688 720 723 755 Π
743 723 787 755 16
801 720 845 766 K,
873 724 917 756 19
932 720 975 766 G,
1001 720 1019 756 I
1042 733 1078 766 p.
1100 724 1168 756 522
1182 721 1257 766 Br.)
1282 742 1331 747 ——
1355 721 1507 757 Cledon.
1534 733 1569 767 p.
1591 725 1647 757 22.

291 795 460 836 Oomm.
522 797 704 848 Pompeii
734 797 777 836 in
807 797 1047 848 Hispaniam
1083 798 1162 837 iter
1191 811 1263 848 per
1294 797 1470 838 Galliam
1499 799 1655 837 factum
1685 798 1747 836 his

170 855 302 896 verbis
340 857 660 909 commemorari,
699 857 914 897 concilium
951 859 1087 897 autem
1127 857 1337 898 Gallorum
1375 871 1399 896 a
1430 858 1621 908 Pompeio
1660 860 1749 896 tum

170 915 355 957 habitum
387 928 471 956 esse
495 917 587 956 inde
614 930 638 956 a
662 916 876 956 Debrossio
908 918 1014 957 inter
1037 917 1145 957 viros
1170 918 1308 957 doctos
1334 918 1600 968 consentitur,
1631 919 1673 957 et
1698 917 1749 956 ad

170 974 213 1015 id
236 975 400 1027 quidem
425 978 586 1026 tempus
612 978 791 1027 spectare
816 978 1090 1028 fragmentum
1108 977 1348 1029 putaverim,
1376 991 1456 1028 quo
1482 978 1599 1017 victis
1620 977 1748 1016 Gallis

169 1034 212 1074 in
247 1035 454 1086 provincia
491 1036 662 1075 hiemem
700 1037 915 1087 Pompeius
947 1037 1060 1089 degit
1097 1039 1138 1076 et
1174 1038 1523 1078 convocandorum
1566 1037 1749 1089 gentium

169 1093 334 1134 illarum
363 1095 591 1146 principum
624 1108 719 1135 sane
750 1097 863 1136 locus
895 1097 1131 1147 occasioque
1164 1097 1325 1147 saepius
1356 1097 1394 1136 ei
1425 1098 1575 1136 aderat.

810 1395 1020 1443 CAPUT
1060 1395 1119 1444 II.

269 1497 364 1544 Res
395 1497 526 1543 (lomi
557 1499 858 1554 militiaeque
889 1511 1011 1543 anno
1041 1499 1101 1543 76
1133 1499 1319 1556 gestae,
1353 1500 1418 1546 fr.
1447 1500 1650 1545 23—41.

836 1615 1085 1652 Euan-atio.

288 1689 418 1735 Anno
459 1692 515 1735 76
553 1691 751 1735 consules
791 1691 897 1735 facti
939 1695 1040 1735 sunt
1079 1691 1152 1735 Cn.
1185 1691 1389 1735 Octavius
1422 1691 1465 1735 O.
1499 1691 1752 1735 Scribonius

173 1761 314 1811 Curio,
363 1762 458 1814 Quo
484 1778 597 1817 anno
616 1764 663 1807 L.
684 1763 870 1807 Sicinius
895 1764 1099 1807 tribunus
1124 1763 1336 1822 plebisss),
1361 1764 1492 1807 homo
1519 1767 1562 1807 et
1582 1780 1753 1821 semper

172 1835 227 1878 ad.
269 1834 410 1878 rixam
452 1835 809 1892 promptissimus
853 1834 930 1894 (fr.
957 1834 1034 1895 23)
1060 1839 1123 1878 -et
1166 1839 1261 1878 tum
1298 1840 1481 1880 πλεῖστοι
1518 1838 1753 1894 πράγματα
1768 1837 1823 1879 23

171 1908 412 1964 παρασχὼν
453 1915 548 1959 τοῖς
588 1906 692 1951 καθ’
742 1909 880 1952 αὑτὸν
924 1910 1111 1966 ἄρχουσι
1154 1907 1228 1951 καὶ
1272 1910 1556 1964 δημαγωγοῖς
1598 1909 1750 1967 (Ρ1111.

173 1977 334 2022 Crass.
361 1993 395 2022 0.
416 1977 477 2038 7),
507 1978 798 2022 restituendae
824 1979 1084 2022 tribuniciae
1114 1979 1346 2036 potestatis
1377 1983 1581 2023 conatum
1613 1980 1752 2024 denuo

172 2049 310 2094 subiit
353 2048 430 2108 (fr.
462 2049 540 2108 24)
583 2054 628 2093 et
670 2051 1048 2094 vehementissime
1097 2051 1143 2094 in
1187 2051 1383 2094 0011811168
1427 2052 1621 2095 invectus
1671 2055 1754 2116 est3
1769 2052 1826 2093 24

172 2120 408 2178 ‘Curioque
440 2121 566 2180 (Val.
592 2122 717 2166 Max.
743 2122 805 2166 IX
834 2125 900 2180 14,
926 2122 974 2181 5)
1007 2123 1211 2166 omnibus
1243 2123 1484 2166 honoribus
1516 2124 1754 2181 abundans,

172 2193 395 2238 Burbuleii
421 2227 429 2236 .
451 2227 459 2236 .
481 2227 489 2236 .
510 2228 519 2236 .
544 2197 727 2250 propter
746 2209 896 2249 parem
921 2197 1103 2250 corporis
1127 2199 1282 2238 motum
1308 2229 1316 2238 .
1337 2229 1346 2238 .
1368 2229 1376 2237 .
1398 2229 1406 2238 .
1432 2197 1582 2239 scenici
1606 2210 1755 2239 nom-en

173 2267 348 2308 coactus
379 2268 445 2308 est
475 2265 683 2321 recipere'
715 2265 792 2324 (fr.
819 2267 914 2324 25),
952 2266 1238 2323 similiterque
1270 2266 1475 2310 Octavius
1507 2268 1562 2310 ab
1602 2268 1751 2310 eodem
1767 2268 1823 2310 25

175 2335 327 2381 irrisus
352 2339 418 2380 est
442 2335 519 2395 (fr.
540 2335 629 2394 26).
678 2337 887 2381 Attamen
914 2338 1054 2394 Curio,
1086 2342 1135 2382 ut
1161 2342 1340 2382 conatus
1366 2339 1460 2382 eius
1486 2340 1753 2395 opprimeret
1768 2341 1825 2382 26

128 2403 130 2407 ’
174 2406 252 2467 (fr.
278 2407 369 2468 27),
400 2409 470 2451 ead
501 2408 683 2452 exitium
714 2424 850 2466 usque
876 2410 1061 2453 insontis
1087 2410 1253 2454 tribuni
1280 2411 1526 2454 dominatus
1553 2412 1634 2454 est’
1667 2410 1751 2469 (or.
1767 2412 1822 2454 27

173 2479 276 2524 Lic.
300 2479 461 2523 Macri
490 2479 577 2537 10).
605 2505 660 2511 ——
694 2480 938 2524 ‘Praeterea
969 2480 1168 2540 (Ascon.
1201 2483 1261 2525 ad
1287 2482 1383 2525 Cic.
1411 2483 1462 2525 in
1488 2486 1588 2541 tog.
1616 2484 1753 2526 cand.

175 2566 217 2608 p.
238 2553 296 2596 84
309 2550 400 2611 Or.)
426 2551 577 2595 Graeci
610 2552 683 2608 qui
716 2553 892 2608 spoliati
922 2557 1044 2597 erant
1077 2554 1318 2597 eduxerunt
1344 2555 1585 2597 Antonium
1617 2555 1662 2597 in
1687 2555 1757 2598 ius*

176 2623 230 2666 ad
254 2623 311 2668 M.
336 2623 565 2667 Lucullum
591 2627 848 2682 praetorem,
880 2625 954 2682 qui
979 2626 1048 2669 ius
1072 2626 1187 2669 inter
1211 2627 1465 2683 peregrinos
1492 2627 1673 2669 dicebat.
1683 2625 1754 2685 **)

175 2693 283 2753 Egit
319 2710 400 2751 pro
439 2694 612 2738 Graecis
651 2695 725 2750 (G.
760 2695 942 2753 Caesar>
980 2697 1112 2740 etiam
1148 2701 1242 2741 tum
1281 2698 1629 2741 adulescentulus
1656 2733 1663 2740 .
1686 2733 1693 2741 .
1715 2734 1753 2742 ..

176 2776 462 2798 ..—..-—2

294 2847 327 2895 ‘)
352 2847 466 2885 Cuius
493 2848 539 2885 de
564 2848 807 2895 praenomine
833 2850 879 2887 cf.
906 2849 1115 2898 Prolegom.
1142 2863 1177 2898 p.
1201 2855 1244 2887 77
1271 2851 1356 2888 adn.
1380 2854 1411 2888 7.
1437 2855 1442 2859 '

277 2895 327 2944 ”)
351 2896 459 2933 Hanc
484 2908 564 2933 rem
594 2909 693 2934 anno
719 2898 902 2935 accidisse
923 2903 967 2935 76
993 2899 1173 2936 adversus
1206 2911 1262 2945 ea,
1292 2911 1388 2944 quae
1414 2898 1623 2947 Prolegom.
1650 2911 1685 2947 p.
1709 2903 1752 2936 77

178 2942 439 2991 disserueram,
465 2944 604 2981 rectius
630 2945 790 2982 fortasse
817 2946 988 2982 defendit
1013 2947 1052 2984 P.
1073 2948 1207 2994 Jfirges
1233 2960 1268 2993 p.
1291 2951 1334 2983 25
1350 2948 1435 2984 adn.
