1976 3190
287 163 315 202 4
777 163 932 200 Sallusti
955 164 1206 201 Historiarum
1229 165 1304 215 lib„
1320 166 1347 202 Ι.

406 275 571 314 Comm.
629 274 824 321 Quoniam
851 276 1087 316 Sallustium
1112 279 1270 317 constat
1293 277 1335 315 in
1358 277 1615 317 historiarum
1639 278 1841 329 prooemio

288 335 510 384 complures
536 334 720 374 laudasse
746 335 846 374 alios
870 349 1003 375 rerum
1028 337 1249 388 scriptores,
1279 337 1386 386 sicut
1403 337 1613 389 Fannium,
1639 336 1841 391 Catonem,

287 393 453 432 fortasse
487 393 711 446 Sisennam,
749 394 869 434 etiam
906 395 1027 435 verba
1064 409 1183 446 supra
1219 396 1351 446 posita
1388 409 1408 434 e
1444 396 1646 446 prooemio
1681 398 1842 448 sumpta

286 465 368 491 esse
400 453 485 491 iure
525 453 742 493 editoribus
779 454 911 494 visum
947 457 1017 494 est.
1078 455 1137 494 Ac
1173 455 1274 495 falso
1308 454 1473 505 'quidem
1509 455 1673 494 Dietsch
1707 455 1841 502 locum

287 510 403 549 Catil.
431 514 468 562 8,
497 514 520 551 5
555 512 705 564 attulit,
736 515 784 551 ut
814 513 1102 553 demonstraret
1132 515 1179 553 de
1210 527 1342 553 rerum
1368 514 1627 564 scriptoribus
1653 510 1841 555 Romanis

287 571 523 610 Sallustium
552 571 614 610 his
650 572 780 611 verbis
816 573 878 611 uti
913 586 991 612 non
1028 574 1223 624 potuisse,
1261 574 1412 613 scilieet
1447 575 1534 613 toto
1570 573 1695 613 distat
1730 574 1841 614 caelo

285 631 456 680 utroque
487 631 574 670 loco
605 644 667 671 res
697 631 785 682 ipsa
815 632 1104 683 consiliumque
1136 633 1321 672 auctoris.

404 732 448 777 4.
498 733 710 776 Romani
747 735 951 791 generis
990 735 1363 778 disertissimus
1394 735 1572 790 paucis
1602 734 1840 779 absolvit.

405 803 465 846 Cf.
491 804 738 847 Victorin.
764 806 823 847 ad
850 805 944 848 Cic.
970 806 1092 848 rhet.
1119 822 1159 862 p.
1180 804 1386 864 570(Or.)
1413 804 1539 863 (rhet.
1561 805 1634 848 lat.
1654 821 1695 862 p.
1715 804 1840 864 263):

286 875 496 931 ‘Namque
527 876 707 918 historia
738 879 781 918 et
812 876 955 919 brevis
987 892 1077 919 esse
1104 877 1232 919 debet
1257 877 1302 919 in
1327 876 1595 932 expositione
1624 879 1667 920 et
1691 879 1842 934 aperta

286 951 328 990 et
356 941 609 1005 probabilis,
641 951 688 990 ut
715 947 941 990 Sallustius
973 947 1057 990 sibi
1086 948 1228 990 omnia
1258 948 1304 1010 in
1331 947 1513 990 Catilina
1537 947 1842 993 tribuit

282 1034 374 1062 cum
399 1020 497 1062 aliis
516 1019 877 1076 historiographis
901 1019 1069 1073 sinyula
1089 1019 1325 1062 tradidisset
1347 1019 1393 1061 in
1413 1019 1527 1062 libro
1552 1019 1692 1075 primo
1710 1018 1842 1062 histo·
1910 1020 1915 1027 '

282 1090 453 1148 riarum,
481 1090 628 1134 Catoni
654 1091 886 1133 brevitatem
912 1088 1027 1147 (quae
1054 1106 1166 1140 supra
1190 1094 1299 1140 posui
1325 1089 1530 1147 secuntur),
1554 1091 1724 1134 Faymio
1750 1105 1843 1135 vero

283 1162 519 1205 veritatem?

401 1256 507 1300 App.
553 1255 583 1300 (Ι
602 1259 623 1289 2
636 1255 680 1300 D,
700 1254 744 1300 K,
764 1255 781 1289 I
800 1258 821 1289 3
837 1254 879 1300 Gr,
904 1255 921 1289 I
939 1267 974 1300 p.
991 1258 1058 1289 249
1071 1254 1146 1301 ΒΥ.)
1172 1275 1216 1280 -
1244 1255 1395 1290 Praeter
1413 1255 1529 1290 locwm
1555 1255 1735 1291 Victorini
1751 1255 1845 1292 adde

283 1304 505 1339 testimonia:
532 1302 630 1339 Serv.
659 1303 707 1338 ad
730 1303 820 1338 Αο11
841 1302 858 1336 Ι
877 1306 938 1338 96;
968 1302 1141 1337 ‘Romani
1165 1301 1312 1348 generis
1340 1301 1632 1338 disertissimus?
1655 1323 1700 1329 —
1721 1302 1841 1339 Schol.

284 1351 333 1386 ad
364 1351 492 1386 Horat.
521 1341 589 1386 sat.
615 1351 632 1385 I
653 1354 708 1395 10,
730 1354 768 1386 9:
803 1349 878 1385 ‘Sic
910 1351 948 1385 et
979 1349 1071 1385 Cato
1103 1361 1126 1384 a
1158 1349 1337 1385 Sallustio
1368 1349 1561 1395 laudatur,
1593 1350 1694 1404 quod
1723 1349 1843 1386 multa

282 1399 441 1444 paucis
477 1397 762 1433 absoluerit’
791 1419 835 1424 -
861 1397 1004 1442 Ampel.
1027 1401 1088 1442 19,
1110 1400 1148 1432 8:
1183 1397 1352 1442 ‘.(Oato)
1404 1425 1411 1432 .
1439 1398 1496 1432 est
1526 1378 1693 1432 oinm'um
1721 1408 1844 1433 rerum

282 1446 531 1491 peritissimus
558 1447 611 1490 et,
644 1447 687 1480 ut
713 1444 891 1480 Sallustio
918 1444 1046 1489 Crispo
1071 1443 1237 1489 videtur,
1269 1443 1457 1479 Romani
1487 1444 1668 1489 generis
1699 1444 1846 1480 diser-

282 1493 516 1529 tissimus.2
539 1494 550 1539 ΙΙ
570 1475 714 1528 summa
739 1498 822 1529 arcte
845 1492 976 1537 paucis
1002 1493 1130 1528 inserit
1156 1492 1299 1538 Mo'c'hly.

403 1590 479 1635 5³¹⁴.
528 1589 584 1632 In
616 1590 728 1646 quis
758 1589 1064 1647 longissimo
1096 1603 1217 1630 aevo
1254 1587 1403 1644 plura
1434 1587 1490 1630 de
1527 1587 1676 1631 bonis
1712 1587 1843 1631 falsa

283 1662 334 1705 in
365 1661 597 1705 deterius
628 1660 927 1717 composuit.

401 1730 567 1802 App.
558 1756 645 1801 (Ino.
674 1754 774 1800 78D,
801 1753 903 1799 44K,
928 1754 980 1789 HI
999 1753 1077 1799 2Gr,
1103 1753 1189 1799 IIp.
1205 1756 1274 1787 400
1286 1752 1363 1798 Β1.)
1388 1773 1432 1778 -
1459 1751 1558 1788 Serv.
1584 1750 1712 1798 (schol.
1731 1751 1841 1808 Dan..)

284 1805 333 1840 ad
363 1802 609 1840 Bu001.V111
634 1806 690 1838 27.
716 1804 728 1849 ΙΙ
752 1802 875 1849 plura]
913 1801 1033 1836 multa
1069 1802 1162 1837 coni.
1196 1801 1355 1837 Dietseh.
1387 1820 1432 1826 —
1463 1799 1577 1847 falsa]
1613 1799 1711 1835 falso
1746 1801 1839 1836 coni.

284 1853 344 1888 Kr
344 1853 404 1889 itz.

403 1928 577 1968 Comm.
650 1927 709 1966 De
760 1926 949 1977 scriptore
999 1926 1134 1976 aliquo
1185 1925 1259 1964 hoe
1309 1925 1539 1963 contentum
1583 1936 1683 1976 esse,
1732 1923 1840 1975 quod

283 1989 435 2039 primus
479 1987 628 2026 Linker
676 1986 860 2037 coniecit,
909 1998 1034 2036 paene
1078 1986 1230 2024 certum
1272 1983 1441 2023 videtur.
1512 1983 1648 2034 Atque
1691 1983 1839 2034 optime
1901 2034 1903 2036 q

285 2048 476 2087 Catonem
507 2046 775 2098 significatum
807 2058 889 2084 esse
915 2044 1140 2084 enucleavit
1163 2043 1292 2094 Kritz,
1325 2043 1432 2093 quod
1463 2036 1720 2082 confirmatur
1748 2055 1836 2082 cmn

283 2109 485 2156 lonqinquo
523 2118 615 2145 aevo
652 2107 740 2144 tum
771 2107 858 2143 tota
894 2104 1109 2156 fragmenti
1146 2102 1360 2154 sententia,
1402 2101 1592 2152 quoniam
1628 2101 1865 2154 abrogasse'

285 2167 523 2205 Sallustium
555 2165 698 2204 Catoni
733 2165 945 2204 veritatem
982 2164 1206 2215 fragmento
1239 2164 1265 2200 4
1302 2161 1349 2199 fit
1384 2161 1468 2201 veri
1506 2161 1643 2200 simile.
1703 2161 1838 2200 Infeli-

284 2227 438 2265 cissime
482 2226 618 2263 autem
654 2224 874 2263 Varronem
915 2224 957 2261 in
1001 2223 1133 2261 animo
1175 2212 1361 2260 habuisse
1403 2220 1640 2259 Sallustium
1675 2220 1838 2291 Dietsch

283 2285 509 2324 affirmavit.

403 2376 447 2420 6.
491 2375 664 2430 Neque
690 2389 762 2416 me
789 2374 989 2416 diversa
1013 2388 1131 2429 pars
1155 2372 1207 2414 in
1232 2370 1477 2414 civilibus
1501 2369 1654 2413 armis
1678 2369 1838 2413 movit

282 2464 307 2490 a
338 2463 467 2491 vero.

400 2542 506 2587 App.
561 2539 592 2586 (Ι
617 2539 695 2585 51),
721 2538 799 2583 6Κ,
820 2538 862 2583 G,
894 2537 911 2572 I
934 2549 969 2583 p.
990 2540 1059 2572 249
1073 2537 1147 2582 Br.)
1174 2557 1217 2562 —
1243 2535 1349 2572 Arus.
1375 2547 1410 2580 p.
1431 2537 1510 2570 494.

404 2638 447 2682 7.
475 2636 640 2681 Nobis
665 2635 857 2691 primae
883 2633 1232 2676 dissensiones
1256 2631 1385 2675 vitio
1410 2630 1615 2674 humani
1639 2629 1836 2691 ingenii

284 2724 512 2765 evenere,
551 2708 683 2764 quod
719 2705 922 2762 inquies
954 2707 1106 2760 atque
1138 2703 1440 2746 indomitum
1470 2716 1669 2757 semper
1698 2701 1836 2744 inter

283 2780 562 2823 certalnina
586 2777 856 2821 libertatis
881 2778 969 2818 aut
993 2775 1190 2832 gloriae
1215 2777 1302 2816 aut
1328 2772 1694 2816 dominationis
1712 2771 1834 2829 agit.

400 2874 504 2918 App.
556 2872 588 2918 (I
613 2872 696 2918 7D,
728 2870 813 2916 8K,
839 2869 887 2915 G,
918 2869 935 2904 I
959 2868 1250 2914 1).255Β1·.)-
1281 2866 1459 2903 Priscian.
1482 2865 1517 2902 V
1541 2865 1639 2911 (IIp
1641 2867 1763 2909 ..158)
1789 2885 1834 2891 —

284 2921 382 2956 Serv
416 2920 545 2966 (schol.
578 2920 686 2965 Dan.)
717 2918 766 2954 ad
796 2918 886 2954 Aen.
912 2917 964 2951 IV
990 2919 1076 2952 245.
1111 2915 1224 2951 inter
1254 2913 1474 2950 certamina’
1502 2924 1532 2948 0.
1553 2925 1587 2957 q.
1609 2924 1635 2948 8.
1668 2914 1680 2958 ΙΙ
1709 2911 1834 2959 nobis]
