<?xml version="1.0" encoding="UTF-8"?>
<!DOCTYPE html PUBLIC "-//W3C//DTD XHTML 1.0 Transitional//EN"
    "http://www.w3.org/TR/xhtml1/DTD/xhtml1-transitional.dtd">
<html xmlns="http://www.w3.org/1999/xhtml" xml:lang="en" lang="en">
 <head>
  <title>
</title>
<meta http-equiv="Content-Type" content="text/html;charset=utf-8" />
  <meta name='ocr-system' content='tesseract 3.04.00' />
  <meta name='ocr-capabilities' content='ocr_page ocr_carea ocr_par ocr_line ocrx_word'/>
</head>
<body>
  <div class='ocr_page' id='page_1' title='image "./historiarumreliq00salluoft_0276.png"; bbox 0 0 1976 3190; ppageno 0'>
   <div class='ocr_carea' id='block_1_1' title="bbox 1788 0 1976 141">
    <p class='ocr_par' dir='ltr' id='par_1_1' title="bbox 1788 0 1976 141">
     <span class='ocr_line' id='line_1_1' title="bbox 1788 0 1976 141; baseline 0 3049"><span class='ocrx_word' id='word_1_1' title='bbox 1788 0 1976 141; x_wconf 95' lang='lat' dir='ltr'> </span> 
     </span>
    </p>
   </div>
   <div class='ocr_carea' id='block_1_2' title="bbox 290 154 1390 208">
    <p class='ocr_par' dir='ltr' id='par_1_2' title="bbox 290 154 1390 208">
     <span class='ocr_line' id='line_1_2' title="bbox 290 154 1390 208; baseline -0.003 -6"><span class='ocrx_word' id='word_1_2' title='bbox 290 166 375 208; x_wconf 86' lang='lat'>160</span> <span class='ocrx_word' id='word_1_3' title='bbox 766 163 921 199; x_wconf 77' lang='lat' dir='ltr'>Sallusti</span> <span class='ocrx_word' id='word_1_4' title='bbox 945 163 1196 199; x_wconf 70' lang='lat' dir='ltr'><strong>Historiam</strong></span> <span class='ocrx_word' id='word_1_5' title='bbox 1219 163 1284 200; x_wconf 83' lang='lat' dir='ltr'>lib.</span> <span class='ocrx_word' id='word_1_6' title='bbox 1304 163 1364 199; x_wconf 86' lang='lat' dir='ltr'>IV.</span> <span class='ocrx_word' id='word_1_7' title='bbox 1386 154 1390 163; x_wconf 93' lang='lat'>&#39;</span> 
     </span>
    </p>
   </div>
   <div class='ocr_carea' id='block_1_3' title="bbox 288 260 1846 364">
    <p class='ocr_par' dir='ltr' id='par_1_3' title="bbox 288 260 1846 364">
     <span class='ocr_line' id='line_1_3' title="bbox 288 260 1846 316; baseline 0.001 -9"><span class='ocrx_word' id='word_1_8' title='bbox 288 260 482 307; x_wconf 68' lang='lat' dir='ltr'>temerarie.</span> <span class='ocrx_word' id='word_1_9' title='bbox 509 290 555 295; x_wconf 89' lang='lat'>—</span> <span class='ocrx_word' id='word_1_10' title='bbox 581 280 664 303; x_wconf 89' lang='lat' dir='ltr'>cum</span> <span class='ocrx_word' id='word_1_11' title='bbox 688 269 834 316; x_wconf 81' lang='lat' dir='ltr'>paucis]</span> <span class='ocrx_word' id='word_1_12' title='bbox 862 281 944 304; x_wconf 90' lang='lat' dir='ltr'>sum</span> <span class='ocrx_word' id='word_1_13' title='bbox 967 270 1098 306; x_wconf 84' lang='lat' dir='ltr'>Bamb.</span> <span class='ocrx_word' id='word_1_14' title='bbox 1125 291 1168 296; x_wconf 89' lang='lat'>-</span> <span class='ocrx_word' id='word_1_15' title='bbox 1194 269 1294 316; x_wconf 87' lang='lat' dir='ltr'>fidis]</span> <span class='ocrx_word' id='word_1_16' title='bbox 1323 269 1415 304; x_wconf 83' lang='lat' dir='ltr'>fides</span> <span class='ocrx_word' id='word_1_17' title='bbox 1441 270 1542 306; x_wconf 83' lang='lat' dir='ltr'>codd.</span> <span class='ocrx_word' id='word_1_18' title='bbox 1573 290 1620 295; x_wconf 97' lang='lat'><strong>—</strong></span> <span class='ocrx_word' id='word_1_19' title='bbox 1648 271 1846 316; x_wconf 55' lang='lat' dir='ltr'>percuntat-</span> 
     </span>
     <span class='ocr_line' id='line_1_4' title="bbox 288 316 1614 364; baseline 0 -11"><span class='ocrx_word' id='word_1_20' title='bbox 288 319 383 364; x_wconf 90' lang='lat' dir='ltr'>tum]</span> <span class='ocrx_word' id='word_1_21' title='bbox 409 318 674 362; x_wconf 69' lang='lat' dir='ltr'>percunctatur</span> <span class='ocrx_word' id='word_1_22' title='bbox 698 318 798 352; x_wconf 86' lang='lat' dir='ltr'>codd.</span> <span class='ocrx_word' id='word_1_23' title='bbox 825 338 872 342; x_wconf 93' lang='lat'>—</span> <span class='ocrx_word' id='word_1_24' title='bbox 895 316 1091 364; x_wconf 78' lang='lat' dir='ltr'>miserant]</span> <span class='ocrx_word' id='word_1_25' title='bbox 1117 317 1271 352; x_wconf 87' lang='lat' dir='ltr'>miserat</span> <span class='ocrx_word' id='word_1_26' title='bbox 1295 318 1386 352; x_wconf 75' lang='lat' dir='ltr'>coni.</span> <span class='ocrx_word' id='word_1_27' title='bbox 1412 317 1614 362; x_wconf 76' lang='lat' dir='ltr'>Quicherat.</span> 
     </span>
    </p>
   </div>
   <div class='ocr_carea' id='block_1_4' title="bbox 279 388 1854 1926">
    <p class='ocr_par' dir='ltr' id='par_1_4' title="bbox 279 388 1854 1926">
     <span class='ocr_line' id='line_1_5' title="bbox 409 388 1847 448; baseline 0.003 -18"><span class='ocrx_word' id='word_1_28' title='bbox 409 393 574 432; x_wconf 83' lang='lat' dir='ltr'>Oomm.</span> <span class='ocrx_word' id='word_1_29' title='bbox 636 393 863 432; x_wconf 87' lang='lat' dir='ltr'>Falsissime</span> <span class='ocrx_word' id='word_1_30' title='bbox 888 389 1100 433; x_wconf 84' lang='lat' dir='ltr'>Debrossio</span> <span class='ocrx_word' id='word_1_31' title='bbox 1132 395 1304 432; x_wconf 83' lang='lat' dir='ltr'>auctore</span> <span class='ocrx_word' id='word_1_32' title='bbox 1319 405 1454 432; x_wconf 89' lang='lat' dir='ltr'>omnes</span> <span class='ocrx_word' id='word_1_33' title='bbox 1485 393 1656 433; x_wconf 79' lang='lat' dir='ltr'>editores</span> <span class='ocrx_word' id='word_1_34' title='bbox 1681 388 1847 448; x_wconf 79' lang='lat' dir='ltr'>(quibus</span> 
     </span>
     <span class='ocr_line' id='line_1_6' title="bbox 290 452 1847 503; baseline 0.001 -12"><span class='ocrx_word' id='word_1_35' title='bbox 290 453 411 492; x_wconf 89' lang='lat' dir='ltr'>etiam</span> <span class='ocrx_word' id='word_1_36' title='bbox 431 452 677 503; x_wconf 77' lang='lat' dir='ltr'>P.J1··1rgium</span> <span class='ocrx_word' id='word_1_37' title='bbox 695 466 732 502; x_wconf 89' lang='lat' dir='ltr'>p.</span> <span class='ocrx_word' id='word_1_38' title='bbox 748 454 803 491; x_wconf 87' lang='grc'>43</span> <span class='ocrx_word' id='word_1_39' title='bbox 824 452 1049 503; x_wconf 87' lang='lat' dir='ltr'>nuperrime</span> <span class='ocrx_word' id='word_1_40' title='bbox 1070 453 1360 503; x_wconf 74' lang='lat' dir='ltr'>adstipulatum</span> <span class='ocrx_word' id='word_1_41' title='bbox 1381 465 1463 491; x_wconf 87' lang='lat' dir='ltr'>esse</span> <span class='ocrx_word' id='word_1_42' title='bbox 1483 453 1736 492; x_wconf 86' lang='lat' dir='ltr'>vehementer</span> <span class='ocrx_word' id='word_1_43' title='bbox 1753 466 1847 493; x_wconf 81' lang='lat' dir='ltr'>sane</span> 
     </span>
     <span class='ocr_line' id='line_1_7' title="bbox 291 506 1847 565; baseline 0.001 -15"><span class='ocrx_word' id='word_1_44' title='bbox 291 506 488 565; x_wconf 86' lang='lat' dir='ltr'>dolemus)</span> <span class='ocrx_word' id='word_1_45' title='bbox 519 511 599 549; x_wconf 89' lang='lat' dir='ltr'>rati</span> <span class='ocrx_word' id='word_1_46' title='bbox 631 513 724 550; x_wconf 91' lang='lat' dir='ltr'>sunt</span> <span class='ocrx_word' id='word_1_47' title='bbox 754 512 828 551; x_wconf 91' lang='lat' dir='ltr'>hoc</span> <span class='ocrx_word' id='word_1_48' title='bbox 852 512 1076 564; x_wconf 86' lang='lat' dir='ltr'>fragmento</span> <span class='ocrx_word' id='word_1_49' title='bbox 1102 512 1250 551; x_wconf 90' lang='lat' dir='ltr'>dictam</span> <span class='ocrx_word' id='word_1_50' title='bbox 1281 525 1363 550; x_wconf 89' lang='lat' dir='ltr'>esse</span> <span class='ocrx_word' id='word_1_51' title='bbox 1392 511 1634 563; x_wconf 85' lang='lat' dir='ltr'>legationem</span> <span class='ocrx_word' id='word_1_52' title='bbox 1657 512 1769 551; x_wconf 83' lang='lat' dir='ltr'>illam</span> <span class='ocrx_word' id='word_1_53' title='bbox 1799 513 1847 552; x_wconf 86' lang='lat' dir='ltr'>de</span> 
     </span>
     <span class='ocr_line' id='line_1_8' title="bbox 279 570 1849 624; baseline 0.001 -14"><span class='ocrx_word' id='word_1_54' title='bbox 279 575 386 621; x_wconf 87' lang='lat' dir='ltr'>&#39;pace</span> <span class='ocrx_word' id='word_1_55' title='bbox 418 571 523 609; x_wconf 90' lang='lat' dir='ltr'>inter</span> <span class='ocrx_word' id='word_1_56' title='bbox 554 570 775 609; x_wconf 83' lang='lat' dir='ltr'>Sertorium</span> <span class='ocrx_word' id='word_1_57' title='bbox 807 573 847 610; x_wconf 92' lang='lat' dir='ltr'>et</span> <span class='ocrx_word' id='word_1_58' title='bbox 876 571 1150 610; x_wconf 82' lang='lat' dir='ltr'>Mithridatem</span> <span class='ocrx_word' id='word_1_59' title='bbox 1185 571 1367 610; x_wconf 89' lang='lat' dir='ltr'>facienda</span> <span class='ocrx_word' id='word_1_60' title='bbox 1404 571 1576 611; x_wconf 87' lang='lat' dir='ltr'>missam.</span> <span class='ocrx_word' id='word_1_61' title='bbox 1637 571 1694 610; x_wconf 90' lang='lat' dir='ltr'>At</span> <span class='ocrx_word' id='word_1_62' title='bbox 1723 571 1849 624; x_wconf 84' lang='lat' dir='ltr'>legati</span> 
     </span>
     <span class='ocr_line' id='line_1_9' title="bbox 290 623 1848 683; baseline 0.001 -14"><span class='ocrx_word' id='word_1_63' title='bbox 290 632 394 669; x_wconf 87' lang='lat' dir='ltr'>certe</span> <span class='ocrx_word' id='word_1_64' title='bbox 426 631 590 668; x_wconf 83' lang='lat' dir='ltr'>fuerunt</span> <span class='ocrx_word' id='word_1_65' title='bbox 614 630 729 669; x_wconf 89' lang='lat' dir='ltr'>Lucii</span> <span class='ocrx_word' id='word_1_66' title='bbox 752 630 928 668; x_wconf 84' lang='lat' dir='ltr'>Fannius</span> <span class='ocrx_word' id='word_1_67' title='bbox 960 630 1210 682; x_wconf 86' lang='lat' dir='ltr'>Magiusque,</span> <span class='ocrx_word' id='word_1_68' title='bbox 1241 630 1403 668; x_wconf 90' lang='lat' dir='ltr'>minime</span> <span class='ocrx_word' id='word_1_69' title='bbox 1433 643 1527 670; x_wconf 85' lang='lat' dir='ltr'>vero</span> <span class='ocrx_word' id='word_1_70' title='bbox 1552 623 1848 683; x_wconf 73' lang='lat' dir='ltr'>Metrophan983</span> 
     </span>
     <span class='ocr_line' id='line_1_10' title="bbox 290 689 1848 741; baseline 0.001 -13"><span class='ocrx_word' id='word_1_71' title='bbox 290 690 351 728; x_wconf 90' lang='lat' dir='ltr'>sin</span> <span class='ocrx_word' id='word_1_72' title='bbox 376 690 655 739; x_wconf 78' lang='lat' dir='ltr'>Metrophanes</span> <span class='ocrx_word' id='word_1_73' title='bbox 686 690 735 728; x_wconf 90' lang='lat' dir='ltr'>iis</span> <span class='ocrx_word' id='word_1_74' title='bbox 761 689 1019 740; x_wconf 80' lang='lat' dir='ltr'>interfuisset,</span> <span class='ocrx_word' id='word_1_75' title='bbox 1051 703 1130 728; x_wconf 90' lang='lat' dir='ltr'>non</span> <span class='ocrx_word' id='word_1_76' title='bbox 1162 702 1248 728; x_wconf 73' lang='lat' dir='ltr'>cum</span> <span class='ocrx_word' id='word_1_77' title='bbox 1279 690 1346 728; x_wconf 90' lang='lat' dir='ltr'>sed</span> <span class='ocrx_word' id='word_1_78' title='bbox 1372 701 1433 728; x_wconf 79' lang='lat' dir='ltr'>eos</span> <span class='ocrx_word' id='word_1_79' title='bbox 1463 689 1505 728; x_wconf 89' lang='lat' dir='ltr'>in</span> <span class='ocrx_word' id='word_1_80' title='bbox 1530 690 1753 741; x_wconf 86' lang='lat' dir='ltr'>fragmento</span> <span class='ocrx_word' id='word_1_81' title='bbox 1784 703 1848 730; x_wconf 82' lang='lat' dir='ltr'>ex-</span> 
     </span>
     <span class='ocr_line' id='line_1_11' title="bbox 290 748 1850 802; baseline 0.001 -15"><span class='ocrx_word' id='word_1_82' title='bbox 290 750 550 799; x_wconf 76' lang='lat' dir='ltr'>peotaremus.</span> <span class='ocrx_word' id='word_1_83' title='bbox 611 749 898 787; x_wconf 86' lang='lat' dir='ltr'>Verumtamen</span> <span class='ocrx_word' id='word_1_84' title='bbox 928 749 1003 787; x_wconf 89' lang='lat' dir='ltr'>hac</span> <span class='ocrx_word' id='word_1_85' title='bbox 1028 749 1074 787; x_wconf 91' lang='lat' dir='ltr'>de</span> <span class='ocrx_word' id='word_1_86' title='bbox 1100 762 1142 787; x_wconf 91' lang='lat' dir='ltr'>re</span> <span class='ocrx_word' id='word_1_87' title='bbox 1167 748 1326 787; x_wconf 90' lang='lat' dir='ltr'>omnino</span> <span class='ocrx_word' id='word_1_88' title='bbox 1358 762 1438 788; x_wconf 91' lang='lat' dir='ltr'>non</span> <span class='ocrx_word' id='word_1_89' title='bbox 1467 749 1568 788; x_wconf 89' lang='lat' dir='ltr'>libro</span> <span class='ocrx_word' id='word_1_90' title='bbox 1594 751 1751 802; x_wconf 78' lang='lat' dir='ltr'>quarto,</span> <span class='ocrx_word' id='word_1_91' title='bbox 1781 750 1850 789; x_wconf 84' lang='lat' dir='ltr'>sed</span> 
     </span>
     <span class='ocr_line' id='line_1_12' title="bbox 292 807 1849 861; baseline 0.001 -14"><span class='ocrx_word' id='word_1_92' title='bbox 292 809 462 847; x_wconf 88' lang='lat' dir='ltr'>secundo</span> <span class='ocrx_word' id='word_1_93' title='bbox 482 808 584 847; x_wconf 89' lang='lat' dir='ltr'>libro</span> <span class='ocrx_word' id='word_1_94' title='bbox 604 809 763 847; x_wconf 87' lang='lat' dir='ltr'>locutus</span> <span class='ocrx_word' id='word_1_95' title='bbox 783 809 844 846; x_wconf 86' lang='lat' dir='ltr'>est</span> <span class='ocrx_word' id='word_1_96' title='bbox 863 808 1095 858; x_wconf 73' lang='lat' dir='ltr'>Sallustius,</span> <span class='ocrx_word' id='word_1_97' title='bbox 1122 807 1283 859; x_wconf 87' lang='lat' dir='ltr'>accedit,</span> <span class='ocrx_word' id='word_1_98' title='bbox 1304 808 1411 858; x_wconf 89' lang='lat' dir='ltr'>quod</span> <span class='ocrx_word' id='word_1_99' title='bbox 1429 808 1575 860; x_wconf 88' lang='lat' dir='ltr'>Dianii,</span> <span class='ocrx_word' id='word_1_100' title='bbox 1596 821 1676 859; x_wconf 89' lang='lat' dir='ltr'>quo</span> <span class='ocrx_word' id='word_1_101' title='bbox 1694 809 1849 861; x_wconf 78' lang='lat' dir='ltr'>legatos</span> 
     </span>
     <span class='ocr_line' id='line_1_13' title="bbox 290 866 1850 918; baseline 0.001 -12"><span class='ocrx_word' id='word_1_102' title='bbox 290 868 381 907; x_wconf 89' lang='lat' dir='ltr'>illos</span> <span class='ocrx_word' id='word_1_103' title='bbox 413 867 661 906; x_wconf 83' lang='lat' dir='ltr'>contendisse</span> <span class='ocrx_word' id='word_1_104' title='bbox 687 867 844 918; x_wconf 87' lang='lat' dir='ltr'>scimus,</span> <span class='ocrx_word' id='word_1_105' title='bbox 876 880 954 906; x_wconf 91' lang='lat' dir='ltr'>non</span> <span class='ocrx_word' id='word_1_106' title='bbox 987 868 1080 905; x_wconf 89' lang='lat' dir='ltr'>sunt</span> <span class='ocrx_word' id='word_1_107' title='bbox 1104 866 1315 905; x_wconf 90' lang='lat' dir='ltr'>fluminum</span> <span class='ocrx_word' id='word_1_108' title='bbox 1344 869 1454 912; x_wconf 74' lang='lat' dir='ltr'>ostia,</span> <span class='ocrx_word' id='word_1_109' title='bbox 1487 880 1589 918; x_wconf 89' lang='lat' dir='ltr'>quae</span> <span class='ocrx_word' id='word_1_110' title='bbox 1614 869 1749 907; x_wconf 88' lang='lat' dir='ltr'>tamen</span> <span class='ocrx_word' id='word_1_111' title='bbox 1774 868 1850 908; x_wconf 83' lang='lat' dir='ltr'>hoc</span> 
     </span>
     <span class='ocr_line' id='line_1_14' title="bbox 291 926 1849 979; baseline 0.001 -14"><span class='ocrx_word' id='word_1_112' title='bbox 291 927 514 978; x_wconf 85' lang='lat' dir='ltr'>fragmento</span> <span class='ocrx_word' id='word_1_113' title='bbox 552 928 928 977; x_wconf 86' lang='lat' dir='ltr'>commemorantur,</span> <span class='ocrx_word' id='word_1_114' title='bbox 967 939 1095 976; x_wconf 89' lang='lat' dir='ltr'>neque</span> <span class='ocrx_word' id='word_1_115' title='bbox 1134 926 1167 964; x_wconf 88' lang='lat' dir='ltr'>si</span> <span class='ocrx_word' id='word_1_116' title='bbox 1198 929 1374 964; x_wconf 70' lang='lat' dir='ltr'>senatum</span> <span class='ocrx_word' id='word_1_117' title='bbox 1410 927 1590 966; x_wconf 89' lang='lat' dir='ltr'>nominat</span> <span class='ocrx_word' id='word_1_118' title='bbox 1621 927 1849 979; x_wconf 83' lang='lat' dir='ltr'>Sallustius,</span> 
     </span>
     <span class='ocr_line' id='line_1_15' title="bbox 292 985 1850 1038; baseline 0.001 -14"><span class='ocrx_word' id='word_1_119' title='bbox 292 986 402 1024; x_wconf 88' lang='lat' dir='ltr'>aliud</span> <span class='ocrx_word' id='word_1_120' title='bbox 423 986 650 1037; x_wconf 90' lang='lat' dir='ltr'>quicquam,</span> <span class='ocrx_word' id='word_1_121' title='bbox 669 985 747 1023; x_wconf 89' lang='lat' dir='ltr'>nisi</span> <span class='ocrx_word' id='word_1_122' title='bbox 759 985 984 1024; x_wconf 89' lang='lat' dir='ltr'>Romanum</span> <span class='ocrx_word' id='word_1_123' title='bbox 1005 986 1188 1023; x_wconf 89' lang='lat' dir='ltr'>senatum</span> <span class='ocrx_word' id='word_1_124' title='bbox 1207 987 1370 1034; x_wconf 88' lang='lat' dir='ltr'>putasse</span> <span class='ocrx_word' id='word_1_125' title='bbox 1389 986 1592 1025; x_wconf 86' lang='lat' dir='ltr'>habendus</span> <span class='ocrx_word' id='word_1_126' title='bbox 1614 988 1684 1025; x_wconf 89' lang='lat' dir='ltr'>est.</span> <span class='ocrx_word' id='word_1_127' title='bbox 1715 986 1850 1038; x_wconf 88' lang='lat' dir='ltr'>Atque</span> 
     </span>
     <span class='ocr_line' id='line_1_16' title="bbox 293 1044 1852 1094; baseline 0.001 -11"><span class='ocrx_word' id='word_1_128' title='bbox 293 1046 592 1094; x_wconf 87' lang='lat' dir='ltr'>Metrophanem</span> <span class='ocrx_word' id='word_1_129' title='bbox 630 1058 733 1083; x_wconf 89' lang='lat' dir='ltr'>anno</span> <span class='ocrx_word' id='word_1_130' title='bbox 764 1047 815 1083; x_wconf 82' lang='lat'>74</span> <span class='ocrx_word' id='word_1_131' title='bbox 849 1058 940 1083; x_wconf 90' lang='lat' dir='ltr'>cum</span> <span class='ocrx_word' id='word_1_132' title='bbox 970 1045 1014 1083; x_wconf 93' lang='lat' dir='ltr'>L.</span> <span class='ocrx_word' id='word_1_133' title='bbox 1040 1044 1192 1083; x_wconf 86' lang='lat' dir='ltr'>Fannio</span> <span class='ocrx_word' id='word_1_134' title='bbox 1231 1044 1273 1082; x_wconf 92' lang='lat' dir='ltr'>in</span> <span class='ocrx_word' id='word_1_135' title='bbox 1303 1044 1400 1083; x_wconf 86' lang='lat' dir='ltr'>Asia</span> <span class='ocrx_word' id='word_1_136' title='bbox 1438 1047 1575 1084; x_wconf 90' lang='lat' dir='ltr'>contra</span> <span class='ocrx_word' id='word_1_137' title='bbox 1608 1046 1852 1085; x_wconf 85' lang='lat' dir='ltr'>Mamercum</span> 
     </span>
     <span class='ocr_line' id='line_1_17' title="bbox 291 1103 1851 1156; baseline 0.001 -14"><span class='ocrx_word' id='word_1_138' title='bbox 291 1117 489 1156; x_wconf 84' lang='lat' dir='ltr'>pugnasse</span> <span class='ocrx_word' id='word_1_139' title='bbox 533 1106 674 1143; x_wconf 89' lang='lat' dir='ltr'>notum</span> <span class='ocrx_word' id='word_1_140' title='bbox 717 1106 794 1155; x_wconf 69' lang='lat' dir='ltr'>est,</span> <span class='ocrx_word' id='word_1_141' title='bbox 843 1106 1011 1154; x_wconf 88' lang='lat' dir='ltr'>uterque</span> <span class='ocrx_word' id='word_1_142' title='bbox 1055 1117 1147 1142; x_wconf 86' lang='lat' dir='ltr'>vero</span> <span class='ocrx_word' id='word_1_143' title='bbox 1192 1103 1233 1141; x_wconf 87' lang='lat' dir='ltr'>in</span> <span class='ocrx_word' id='word_1_144' title='bbox 1275 1104 1392 1142; x_wconf 90' lang='lat' dir='ltr'>rebus</span> <span class='ocrx_word' id='word_1_145' title='bbox 1435 1104 1538 1144; x_wconf 91' lang='lat' dir='ltr'>bello</span> <span class='ocrx_word' id='word_1_146' title='bbox 1581 1104 1851 1144; x_wconf 78' lang='lat' dir='ltr'>Mithridatico</span> 
     </span>
     <span class='ocr_line' id='line_1_18' title="bbox 295 1163 1852 1215; baseline 0.001 -13"><span class='ocrx_word' id='word_1_147' title='bbox 295 1163 417 1215; x_wconf 86' lang='lat' dir='ltr'>gestis</span> <span class='ocrx_word' id='word_1_148' title='bbox 442 1165 583 1213; x_wconf 89' lang='lat' dir='ltr'>postea</span> <span class='ocrx_word' id='word_1_149' title='bbox 606 1176 687 1202; x_wconf 88' lang='lat' dir='ltr'>non</span> <span class='ocrx_word' id='word_1_150' title='bbox 712 1163 794 1201; x_wconf 90' lang='lat' dir='ltr'>iam</span> <span class='ocrx_word' id='word_1_151' title='bbox 819 1165 1162 1214; x_wconf 85' lang='lat' dir='ltr'>commemoratur,</span> <span class='ocrx_word' id='word_1_152' title='bbox 1195 1163 1315 1202; x_wconf 88' lang='lat' dir='ltr'>immo</span> <span class='ocrx_word' id='word_1_153' title='bbox 1347 1165 1546 1213; x_wconf 90' lang='lat' dir='ltr'>postremo</span> <span class='ocrx_word' id='word_1_154' title='bbox 1579 1164 1629 1202; x_wconf 92' lang='lat' dir='ltr'>ad</span> <span class='ocrx_word' id='word_1_155' title='bbox 1653 1164 1852 1204; x_wconf 77' lang='lat' dir='ltr'>Romanos</span> 
     </span>
     <span class='ocr_line' id='line_1_19' title="bbox 290 1217 1851 1277; baseline 0.002 -17"><span class='ocrx_word' id='word_1_156' title='bbox 290 1223 489 1261; x_wconf 85' lang='lat' dir='ltr'>Fannium</span> <span class='ocrx_word' id='word_1_157' title='bbox 521 1222 729 1261; x_wconf 86' lang='lat' dir='ltr'>descivisse</span> <span class='ocrx_word' id='word_1_158' title='bbox 762 1221 960 1261; x_wconf 81' lang='lat' dir='ltr'>Ciceronis</span> <span class='ocrx_word' id='word_1_159' title='bbox 993 1222 1207 1261; x_wconf 87' lang='lat' dir='ltr'>scholiasta</span> <span class='ocrx_word' id='word_1_160' title='bbox 1237 1223 1410 1261; x_wconf 86' lang='lat' dir='ltr'>testatur</span> <span class='ocrx_word' id='word_1_161' title='bbox 1442 1217 1496 1276; x_wconf 78' lang='lat' dir='ltr'>(v.</span> <span class='ocrx_word' id='word_1_162' title='bbox 1528 1236 1565 1272; x_wconf 89' lang='lat' dir='ltr'>p.</span> <span class='ocrx_word' id='word_1_163' title='bbox 1589 1217 1704 1277; x_wconf 87' lang='lat'>158).</span> <span class='ocrx_word' id='word_1_164' title='bbox 1765 1223 1851 1263; x_wconf 83' lang='lat' dir='ltr'>Iam</span> 
     </span>
     <span class='ocr_line' id='line_1_20' title="bbox 291 1281 1851 1334; baseline 0.001 -13"><span class='ocrx_word' id='word_1_165' title='bbox 291 1295 383 1321; x_wconf 85' lang='lat' dir='ltr'>vero</span> <span class='ocrx_word' id='word_1_166' title='bbox 417 1281 710 1321; x_wconf 84' lang='lat' dir='ltr'>animadvertas</span> <span class='ocrx_word' id='word_1_167' title='bbox 742 1282 815 1320; x_wconf 91' lang='lat' dir='ltr'>hoc</span> <span class='ocrx_word' id='word_1_168' title='bbox 846 1283 1070 1334; x_wconf 85' lang='lat' dir='ltr'>fragmento</span> <span class='ocrx_word' id='word_1_169' title='bbox 1103 1282 1402 1331; x_wconf 87' lang='lat' dir='ltr'>Metrophanem</span> <span class='ocrx_word' id='word_1_170' title='bbox 1433 1282 1551 1320; x_wconf 86' lang='lat' dir='ltr'>classi</span> <span class='ocrx_word' id='word_1_171' title='bbox 1578 1294 1662 1322; x_wconf 90' lang='lat' dir='ltr'>esse</span> <span class='ocrx_word' id='word_1_172' title='bbox 1686 1295 1851 1334; x_wconf 77' lang='lat' dir='ltr'>praepo-</span> 
     </span>
     <span class='ocr_line' id='line_1_21' title="bbox 293 1335 1852 1394; baseline 0.001 -15"><span class='ocrx_word' id='word_1_173' title='bbox 293 1341 432 1392; x_wconf 90' lang='lat' dir='ltr'>situm,</span> <span class='ocrx_word' id='word_1_174' title='bbox 466 1354 582 1392; x_wconf 88' lang='lat' dir='ltr'>agere</span> <span class='ocrx_word' id='word_1_175' title='bbox 614 1354 705 1380; x_wconf 93' lang='lat' dir='ltr'>cum</span> <span class='ocrx_word' id='word_1_176' title='bbox 737 1343 879 1380; x_wconf 88' lang='lat' dir='ltr'>senatu</span> <span class='ocrx_word' id='word_1_177' title='bbox 910 1340 1106 1394; x_wconf 81' lang='lat' dir='ltr'>(Romano</span> <span class='ocrx_word' id='word_1_178' title='bbox 1139 1335 1326 1393; x_wconf 88' lang='lat' dir='ltr'>scilicet),</span> <span class='ocrx_word' id='word_1_179' title='bbox 1348 1341 1500 1390; x_wconf 82' lang='lat' dir='ltr'>‘itaque</span> <span class='ocrx_word' id='word_1_180' title='bbox 1537 1354 1660 1391; x_wconf 91' lang='lat' dir='ltr'>prope</span> <span class='ocrx_word' id='word_1_181' title='bbox 1690 1342 1852 1381; x_wconf 80' lang='lat' dir='ltr'>Italiam</span> 
     </span>
     <span class='ocr_line' id='line_1_22' title="bbox 292 1400 1852 1451; baseline 0.001 -12"><span class='ocrx_word' id='word_1_182' title='bbox 292 1400 453 1451; x_wconf 88' lang='lat' dir='ltr'>versari,</span> <span class='ocrx_word' id='word_1_183' title='bbox 485 1401 657 1439; x_wconf 90' lang='lat' dir='ltr'>alterum</span> <span class='ocrx_word' id='word_1_184' title='bbox 681 1403 887 1450; x_wconf 89' lang='lat' dir='ltr'>praeterea</span> <span class='ocrx_word' id='word_1_185' title='bbox 913 1400 1110 1450; x_wconf 89' lang='lat' dir='ltr'>appellari</span> <span class='ocrx_word' id='word_1_186' title='bbox 1134 1400 1270 1438; x_wconf 88' lang='lat' dir='ltr'>classis</span> <span class='ocrx_word' id='word_1_187' title='bbox 1296 1400 1405 1438; x_wconf 84' lang='lat' dir='ltr'>illius</span> <span class='ocrx_word' id='word_1_188' title='bbox 1431 1401 1581 1451; x_wconf 89' lang='lat' dir='ltr'>ducem,</span> <span class='ocrx_word' id='word_1_189' title='bbox 1608 1413 1727 1451; x_wconf 87' lang='lat' dir='ltr'>quem</span> <span class='ocrx_word' id='word_1_190' title='bbox 1751 1401 1852 1440; x_wconf 81' lang='lat' dir='ltr'>Fan-</span> 
     </span>
     <span class='ocr_line' id='line_1_23' title="bbox 292 1459 1854 1510; baseline 0 -12"><span class='ocrx_word' id='word_1_191' title='bbox 292 1460 405 1499; x_wconf 89' lang='lat' dir='ltr'>nium</span> <span class='ocrx_word' id='word_1_192' title='bbox 436 1472 518 1498; x_wconf 87' lang='lat' dir='ltr'>esse</span> <span class='ocrx_word' id='word_1_193' title='bbox 550 1459 666 1498; x_wconf 82' lang='lat' dir='ltr'>facile</span> <span class='ocrx_word' id='word_1_194' title='bbox 699 1460 968 1500; x_wconf 89' lang='lat' dir='ltr'>subaudimus.</span> <span class='ocrx_word' id='word_1_195' title='bbox 1026 1459 1129 1505; x_wconf 84' lang='lat' dir='ltr'>Quid</span> <span class='ocrx_word' id='word_1_196' title='bbox 1156 1459 1308 1510; x_wconf 76' lang='lat' dir='ltr'>igitur?</span> <span class='ocrx_word' id='word_1_197' title='bbox 1339 1459 1479 1498; x_wconf 89' lang='lat' dir='ltr'>Nonne</span> <span class='ocrx_word' id='word_1_198' title='bbox 1504 1460 1783 1510; x_wconf 85' lang='lat' dir='ltr'>Metrophanes</span> <span class='ocrx_word' id='word_1_199' title='bbox 1813 1461 1854 1499; x_wconf 87' lang='lat' dir='ltr'>et</span> 
     </span>
     <span class='ocr_line' id='line_1_24' title="bbox 293 1519 1853 1570; baseline 0.001 -13"><span class='ocrx_word' id='word_1_200' title='bbox 293 1519 470 1557; x_wconf 87' lang='lat' dir='ltr'>Fannius</span> <span class='ocrx_word' id='word_1_201' title='bbox 506 1519 639 1570; x_wconf 87' lang='lat' dir='ltr'>regiae</span> <span class='ocrx_word' id='word_1_202' title='bbox 677 1519 794 1558; x_wconf 88' lang='lat' dir='ltr'>classi</span> <span class='ocrx_word' id='word_1_203' title='bbox 831 1520 882 1558; x_wconf 91' lang='lat' dir='ltr'>ad</span> <span class='ocrx_word' id='word_1_204' title='bbox 916 1519 1156 1559; x_wconf 87' lang='lat' dir='ltr'>occidentem</span> <span class='ocrx_word' id='word_1_205' title='bbox 1189 1530 1325 1557; x_wconf 88' lang='lat' dir='ltr'>versus</span> <span class='ocrx_word' id='word_1_206' title='bbox 1363 1519 1505 1557; x_wconf 89' lang='lat' dir='ltr'>missae</span> <span class='ocrx_word' id='word_1_207' title='bbox 1541 1519 1733 1569; x_wconf 87' lang='lat' dir='ltr'>praefecti</span> <span class='ocrx_word' id='word_1_208' title='bbox 1770 1531 1853 1559; x_wconf 87' lang='lat' dir='ltr'>esse</span> 
     </span>
     <span class='ocr_line' id='line_1_25' title="bbox 291 1578 1852 1628; baseline 0 -11"><span class='ocrx_word' id='word_1_209' title='bbox 291 1578 506 1618; x_wconf 81' lang='lat' dir='ltr'>videntur?</span> <span class='ocrx_word' id='word_1_210' title='bbox 549 1579 604 1616; x_wconf 83' lang='lat' dir='ltr'>Et</span> <span class='ocrx_word' id='word_1_211' title='bbox 634 1580 730 1617; x_wconf 91' lang='lat' dir='ltr'>tunc</span> <span class='ocrx_word' id='word_1_212' title='bbox 762 1579 813 1617; x_wconf 90' lang='lat' dir='ltr'>ad</span> <span class='ocrx_word' id='word_1_213' title='bbox 837 1579 1037 1618; x_wconf 87' lang='lat' dir='ltr'>Romanos</span> <span class='ocrx_word' id='word_1_214' title='bbox 1068 1578 1272 1616; x_wconf 89' lang='lat' dir='ltr'>transiisse</span> <span class='ocrx_word' id='word_1_215' title='bbox 1304 1578 1462 1617; x_wconf 89' lang='lat' dir='ltr'>eosdem</span> <span class='ocrx_word' id='word_1_216' title='bbox 1485 1578 1723 1628; x_wconf 86' lang='lat' dir='ltr'>putaverim.</span> <span class='ocrx_word' id='word_1_217' title='bbox 1772 1578 1852 1617; x_wconf 84' lang='lat' dir='ltr'>lta-</span> 
     </span>
     <span class='ocr_line' id='line_1_26' title="bbox 294 1637 1852 1689; baseline 0 -13"><span class='ocrx_word' id='word_1_218' title='bbox 294 1651 370 1688; x_wconf 92' lang='lat' dir='ltr'>que</span> <span class='ocrx_word' id='word_1_219' title='bbox 395 1638 458 1677; x_wconf 83' lang='lat' dir='ltr'>hic</span> <span class='ocrx_word' id='word_1_220' title='bbox 483 1638 564 1676; x_wconf 88' lang='lat' dir='ltr'>fere</span> <span class='ocrx_word' id='word_1_221' title='bbox 591 1637 667 1676; x_wconf 92' lang='lat' dir='ltr'>erit</span> <span class='ocrx_word' id='word_1_222' title='bbox 693 1638 786 1677; x_wconf 89' lang='lat' dir='ltr'>ordo</span> <span class='ocrx_word' id='word_1_223' title='bbox 812 1651 961 1676; x_wconf 87' lang='lat' dir='ltr'>rerum:</span> <span class='ocrx_word' id='word_1_224' title='bbox 993 1639 1188 1676; x_wconf 86' lang='lat' dir='ltr'>venerunt</span> <span class='ocrx_word' id='word_1_225' title='bbox 1213 1651 1303 1676; x_wconf 90' lang='lat' dir='ltr'>cum</span> <span class='ocrx_word' id='word_1_226' title='bbox 1328 1638 1451 1676; x_wconf 90' lang='lat' dir='ltr'>classe</span> <span class='ocrx_word' id='word_1_227' title='bbox 1476 1637 1588 1689; x_wconf 87' lang='lat' dir='ltr'>regia</span> <span class='ocrx_word' id='word_1_228' title='bbox 1611 1637 1674 1676; x_wconf 92' lang='grc'>1111</span> <span class='ocrx_word' id='word_1_229' title='bbox 1698 1638 1748 1677; x_wconf 86' lang='lat' dir='ltr'>ad</span> <span class='ocrx_word' id='word_1_230' title='bbox 1771 1638 1852 1676; x_wconf 86' lang='lat' dir='ltr'>Ita-</span> 
     </span>
     <span class='ocr_line' id='line_1_27' title="bbox 293 1697 1853 1748; baseline 0.001 -13"><span class='ocrx_word' id='word_1_231' title='bbox 293 1698 401 1748; x_wconf 87' lang='lat' dir='ltr'>liam,</span> <span class='ocrx_word' id='word_1_232' title='bbox 427 1699 616 1736; x_wconf 89' lang='lat' dir='ltr'>contusae</span> <span class='ocrx_word' id='word_1_233' title='bbox 643 1699 737 1735; x_wconf 87' lang='lat' dir='ltr'>sunt</span> <span class='ocrx_word' id='word_1_234' title='bbox 762 1710 855 1747; x_wconf 91' lang='lat' dir='ltr'>opes</span> <span class='ocrx_word' id='word_1_235' title='bbox 882 1699 922 1736; x_wconf 90' lang='lat' dir='ltr'>et</span> <span class='ocrx_word' id='word_1_236' title='bbox 945 1697 1075 1736; x_wconf 82' lang='lat' dir='ltr'>ventis</span> <span class='ocrx_word' id='word_1_237' title='bbox 1101 1698 1141 1735; x_wconf 89' lang='lat' dir='ltr'>et</span> <span class='ocrx_word' id='word_1_238' title='bbox 1165 1697 1436 1736; x_wconf 85' lang='lat' dir='ltr'>Romanorum</span> <span class='ocrx_word' id='word_1_239' title='bbox 1466 1697 1597 1748; x_wconf 91' lang='lat' dir='ltr'>armis,</span> <span class='ocrx_word' id='word_1_240' title='bbox 1628 1697 1710 1736; x_wconf 91' lang='lat' dir='ltr'>iam</span> <span class='ocrx_word' id='word_1_241' title='bbox 1735 1698 1853 1736; x_wconf 86' lang='lat' dir='ltr'>duces</span> 
     </span>
     <span class='ocr_line' id='line_1_28' title="bbox 296 1756 1852 1808; baseline 0 -13"><span class='ocrx_word' id='word_1_242' title='bbox 296 1757 458 1795; x_wconf 89' lang='lat' dir='ltr'>deficere</span> <span class='ocrx_word' id='word_1_243' title='bbox 479 1757 530 1794; x_wconf 89' lang='lat' dir='ltr'>ad</span> <span class='ocrx_word' id='word_1_244' title='bbox 549 1769 614 1795; x_wconf 89' lang='lat' dir='ltr'>eos</span> <span class='ocrx_word' id='word_1_245' title='bbox 634 1756 814 1808; x_wconf 87' lang='lat' dir='ltr'>cogitant</span> <span class='ocrx_word' id='word_1_246' title='bbox 839 1759 879 1795; x_wconf 90' lang='lat' dir='ltr'>et</span> <span class='ocrx_word' id='word_1_247' title='bbox 898 1769 988 1795; x_wconf 89' lang='lat' dir='ltr'>cum</span> <span class='ocrx_word' id='word_1_248' title='bbox 1008 1758 1150 1794; x_wconf 90' lang='lat' dir='ltr'>senatu</span> <span class='ocrx_word' id='word_1_249' title='bbox 1175 1757 1248 1795; x_wconf 87' lang='lat' dir='ltr'>hac</span> <span class='ocrx_word' id='word_1_250' title='bbox 1268 1756 1314 1794; x_wconf 90' lang='lat' dir='ltr'>de</span> <span class='ocrx_word' id='word_1_251' title='bbox 1333 1769 1375 1794; x_wconf 92' lang='lat' dir='ltr'>re</span> <span class='ocrx_word' id='word_1_252' title='bbox 1396 1758 1578 1807; x_wconf 86' lang='lat' dir='ltr'>egerunt;</span> <span class='ocrx_word' id='word_1_253' title='bbox 1605 1756 1673 1796; x_wconf 85' lang='lat' dir='ltr'>sed</span> <span class='ocrx_word' id='word_1_254' title='bbox 1692 1758 1852 1796; x_wconf 83' lang='lat' dir='ltr'>senatus</span> 
     </span>
     <span class='ocr_line' id='line_1_29' title="bbox 295 1815 1854 1867; baseline 0 -13"><span class='ocrx_word' id='word_1_255' title='bbox 295 1816 508 1867; x_wconf 86' lang='lat' dir='ltr'>diligenter</span> <span class='ocrx_word' id='word_1_256' title='bbox 538 1816 737 1866; x_wconf 88' lang='lat' dir='ltr'>inquirere</span> <span class='ocrx_word' id='word_1_257' title='bbox 763 1816 804 1854; x_wconf 88' lang='lat' dir='ltr'>in</span> <span class='ocrx_word' id='word_1_258' title='bbox 833 1829 899 1855; x_wconf 90' lang='lat' dir='ltr'>eos</span> <span class='ocrx_word' id='word_1_259' title='bbox 923 1815 1112 1866; x_wconf 89' lang='lat' dir='ltr'>instituit,</span> <span class='ocrx_word' id='word_1_260' title='bbox 1144 1828 1235 1854; x_wconf 89' lang='lat' dir='ltr'>cum</span> <span class='ocrx_word' id='word_1_261' title='bbox 1259 1815 1351 1854; x_wconf 90' lang='lat' dir='ltr'>fidei</span> <span class='ocrx_word' id='word_1_262' title='bbox 1376 1828 1513 1854; x_wconf 90' lang='lat' dir='ltr'>eorum</span> <span class='ocrx_word' id='word_1_263' title='bbox 1538 1815 1692 1854; x_wconf 85' lang='lat' dir='ltr'>credere</span> <span class='ocrx_word' id='word_1_264' title='bbox 1717 1816 1854 1867; x_wconf 89' lang='lat' dir='ltr'>nollet,</span> 
     </span>
     <span class='ocr_line' id='line_1_30' title="bbox 296 1874 1852 1926; baseline -0.001 -13"><span class='ocrx_word' id='word_1_265' title='bbox 296 1888 390 1914; x_wconf 88' lang='lat' dir='ltr'>sane</span> <span class='ocrx_word' id='word_1_266' title='bbox 410 1876 576 1925; x_wconf 87' lang='lat' dir='ltr'>scaphas</span> <span class='ocrx_word' id='word_1_267' title='bbox 601 1875 731 1926; x_wconf 88' lang='lat' dir='ltr'>regias</span> <span class='ocrx_word' id='word_1_268' title='bbox 757 1876 902 1914; x_wconf 89' lang='lat' dir='ltr'>metuit</span> <span class='ocrx_word' id='word_1_269' title='bbox 920 1874 1162 1924; x_wconf 85' lang='lat' dir='ltr'>insidiasque</span> <span class='ocrx_word' id='word_1_270' title='bbox 1189 1876 1309 1924; x_wconf 87' lang='lat' dir='ltr'>atque</span> <span class='ocrx_word' id='word_1_271' title='bbox 1329 1874 1593 1924; x_wconf 88' lang='lat' dir='ltr'>proditionem</span> <span class='ocrx_word' id='word_1_272' title='bbox 1611 1874 1762 1914; x_wconf 85' lang='lat' dir='ltr'>veritus</span> <span class='ocrx_word' id='word_1_273' title='bbox 1781 1876 1852 1914; x_wconf 89' lang='lat' dir='ltr'>est.</span> 
     </span>
    </p>
   </div>
   <div class='ocr_carea' id='block_1_5' title="bbox 414 1965 1711 2104">
    <p class='ocr_par' dir='ltr' id='par_1_5' title="bbox 414 1965 1711 2104">
     <span class='ocr_line' id='line_1_31' title="bbox 415 1965 1711 2021; baseline 0.001 -14"><span class='ocrx_word' id='word_1_274' title='bbox 415 1965 458 2010; x_wconf 85' lang='lat'>3.</span> <span class='ocrx_word' id='word_1_275' title='bbox 519 1965 770 2008; x_wconf 86' lang='lat' dir='ltr'>Demissis</span> <span class='ocrx_word' id='word_1_276' title='bbox 801 1969 998 2021; x_wconf 89' lang='lat' dir='ltr'>partem</span> <span class='ocrx_word' id='word_1_277' title='bbox 1031 1965 1175 2020; x_wconf 87' lang='lat' dir='ltr'>quasi</span> <span class='ocrx_word' id='word_1_278' title='bbox 1206 1965 1415 2007; x_wconf 88' lang='lat' dir='ltr'>tertiam</span> <span class='ocrx_word' id='word_1_279' title='bbox 1446 1965 1711 2008; x_wconf 86' lang='lat' dir='ltr'>antemnis.</span> 
     </span>
     <span class='ocr_line' id='line_1_32' title="bbox 414 2058 1371 2104; baseline -0.001 -10"><span class='ocrx_word' id='word_1_280' title='bbox 414 2060 519 2104; x_wconf 87' lang='lat' dir='ltr'>App.</span> <span class='ocrx_word' id='word_1_281' title='bbox 571 2059 636 2104; x_wconf 89' lang='lat' dir='ltr'>(IV</span> <span class='ocrx_word' id='word_1_282' title='bbox 654 2063 698 2094; x_wconf 87' lang='lat'>41</span> <span class='ocrx_word' id='word_1_283' title='bbox 713 2059 757 2103; x_wconf 90' lang='lat' dir='ltr'>D,</span> <span class='ocrx_word' id='word_1_284' title='bbox 783 2062 827 2093; x_wconf 85' lang='lat'>49</span> <span class='ocrx_word' id='word_1_285' title='bbox 842 2058 886 2103; x_wconf 87' lang='grc' dir='ltr'>Κ,</span> <span class='ocrx_word' id='word_1_286' title='bbox 913 2062 933 2092; x_wconf 78' lang='grc'>2</span> <span class='ocrx_word' id='word_1_287' title='bbox 949 2058 1006 2103; x_wconf 80' lang='lat' dir='ltr'>Gr.)</span> <span class='ocrx_word' id='word_1_288' title='bbox 1033 2080 1079 2084; x_wconf 97' lang='lat'><strong>—</strong></span> <span class='ocrx_word' id='word_1_289' title='bbox 1103 2058 1209 2094; x_wconf 88' lang='lat' dir='ltr'>Arus.</span> <span class='ocrx_word' id='word_1_290' title='bbox 1235 2070 1271 2104; x_wconf 84' lang='lat' dir='ltr'>p.</span> <span class='ocrx_word' id='word_1_291' title='bbox 1291 2062 1371 2094; x_wconf 89' lang='lat'>499.</span> 
     </span>
    </p>
   </div>
   <div class='ocr_carea' id='block_1_6' title="bbox 295 2134 1855 2540">
    <p class='ocr_par' dir='ltr' id='par_1_6' title="bbox 295 2134 1855 2540">
     <span class='ocr_line' id='line_1_33' title="bbox 416 2134 1854 2185; baseline 0 -11"><span class='ocrx_word' id='word_1_292' title='bbox 416 2135 580 2174; x_wconf 84' lang='lat' dir='ltr'>Comm.</span> <span class='ocrx_word' id='word_1_293' title='bbox 644 2134 744 2173; x_wconf 83' lang='lat' dir='ltr'>Cum</span> <span class='ocrx_word' id='word_1_294' title='bbox 776 2136 984 2173; x_wconf 88' lang='lat' dir='ltr'>antemnae</span> <span class='ocrx_word' id='word_1_295' title='bbox 1020 2137 1060 2174; x_wconf 91' lang='lat' dir='ltr'>et</span> <span class='ocrx_word' id='word_1_296' title='bbox 1089 2135 1129 2173; x_wconf 89' lang='lat' dir='ltr'>in</span> <span class='ocrx_word' id='word_1_297' title='bbox 1161 2135 1466 2185; x_wconf 87' lang='lat' dir='ltr'>tempestatibus</span> <span class='ocrx_word' id='word_1_298' title='bbox 1503 2136 1544 2174; x_wconf 91' lang='lat' dir='ltr'>et</span> <span class='ocrx_word' id='word_1_299' title='bbox 1580 2135 1650 2174; x_wconf 91' lang='lat' dir='ltr'>ubi</span> <span class='ocrx_word' id='word_1_300' title='bbox 1685 2135 1854 2176; x_wconf 81' lang='lat' dir='ltr'>navibus</span> 
     </span>
     <span class='ocr_line' id='line_1_34' title="bbox 296 2189 1852 2247; baseline 0.001 -14"><span class='ocrx_word' id='word_1_301' title='bbox 296 2208 433 2246; x_wconf 86' lang='lat' dir='ltr'>pugna</span> <span class='ocrx_word' id='word_1_302' title='bbox 457 2195 658 2245; x_wconf 86' lang='lat' dir='ltr'>incipitur,</span> <span class='ocrx_word' id='word_1_303' title='bbox 683 2194 841 2233; x_wconf 90' lang='lat' dir='ltr'>demitti</span> <span class='ocrx_word' id='word_1_304' title='bbox 867 2195 1020 2233; x_wconf 89' lang='lat' dir='ltr'>soleant</span> <span class='ocrx_word' id='word_1_305' title='bbox 1045 2189 1105 2247; x_wconf 86' lang='lat' dir='ltr'>(id</span> <span class='ocrx_word' id='word_1_306' title='bbox 1130 2195 1236 2244; x_wconf 93' lang='lat' dir='ltr'>quod</span> <span class='ocrx_word' id='word_1_307' title='bbox 1261 2196 1458 2233; x_wconf 84' lang='lat' dir='ltr'>nostrates</span> <span class='ocrx_word' id='word_1_308' title='bbox 1484 2190 1560 2233; x_wconf 77' lang='lat' dir='ltr'>‘die</span> <span class='ocrx_word' id='word_1_309' title='bbox 1576 2193 1685 2243; x_wconf 72' lang='lat' dir='ltr'>Seyel</span> <span class='ocrx_word' id='word_1_310' title='bbox 1703 2191 1852 2244; x_wconf 74' lang='lat' dir='ltr'>beryen’</span> 
     </span>
     <span class='ocr_line' id='line_1_35' title="bbox 298 2253 1855 2305; baseline 0.001 -13"><span class='ocrx_word' id='word_1_311' title='bbox 298 2255 518 2304; x_wconf 88' lang='lat' dir='ltr'>appellant,</span> <span class='ocrx_word' id='word_1_312' title='bbox 556 2255 604 2292; x_wconf 87' lang='lat' dir='ltr'>cf.</span> <span class='ocrx_word' id='word_1_313' title='bbox 635 2255 842 2303; x_wconf 87' lang='lat' dir='ltr'>praeterea</span> <span class='ocrx_word' id='word_1_314' title='bbox 872 2254 963 2292; x_wconf 90' lang='lat' dir='ltr'>bell.</span> <span class='ocrx_word' id='word_1_315' title='bbox 993 2254 1104 2292; x_wconf 79' lang='lat' dir='ltr'>Alex.</span> <span class='ocrx_word' id='word_1_316' title='bbox 1137 2267 1168 2292; x_wconf 91' lang='lat' dir='ltr'>c.</span> <span class='ocrx_word' id='word_1_317' title='bbox 1195 2255 1249 2293; x_wconf 84' lang='lat'>45</span> <span class='ocrx_word' id='word_1_318' title='bbox 1283 2256 1324 2292; x_wconf 92' lang='lat' dir='ltr'>et</span> <span class='ocrx_word' id='word_1_319' title='bbox 1354 2253 1567 2305; x_wconf 86' lang='lat' dir='ltr'>Breusing,</span> <span class='ocrx_word' id='word_1_320' title='bbox 1600 2255 1676 2292; x_wconf 69' lang='lat' dir='ltr'>Die</span> <span class='ocrx_word' id='word_1_321' title='bbox 1704 2253 1855 2293; x_wconf 65' lang='lat' dir='ltr'>Nauuk</span> 
     </span>
     <span class='ocr_line' id='line_1_36' title="bbox 297 2308 1855 2366; baseline -0.001 -14"><span class='ocrx_word' id='word_1_322' title='bbox 297 2314 365 2352; x_wconf 77' lang='lat' dir='ltr'>der</span> <span class='ocrx_word' id='word_1_323' title='bbox 389 2312 516 2358; x_wconf 69' lang='lat' dir='ltr'>Alton,</span> <span class='ocrx_word' id='word_1_324' title='bbox 548 2327 585 2363; x_wconf 90' lang='lat' dir='ltr'>p.</span> <span class='ocrx_word' id='word_1_325' title='bbox 608 2308 694 2366; x_wconf 88' lang='lat'>64),</span> <span class='ocrx_word' id='word_1_326' title='bbox 721 2313 905 2363; x_wconf 88' lang='lat' dir='ltr'>equidem</span> <span class='ocrx_word' id='word_1_327' title='bbox 929 2314 1056 2351; x_wconf 89' lang='lat' dir='ltr'>hunce</span> <span class='ocrx_word' id='word_1_328' title='bbox 1082 2314 1213 2352; x_wconf 92' lang='lat' dir='ltr'>locum</span> <span class='ocrx_word' id='word_1_329' title='bbox 1239 2313 1289 2351; x_wconf 88' lang='lat' dir='ltr'>ad</span> <span class='ocrx_word' id='word_1_330' title='bbox 1307 2326 1484 2365; x_wconf 86' lang='lat' dir='ltr'>pugnam</span> <span class='ocrx_word' id='word_1_331' title='bbox 1509 2313 1693 2352; x_wconf 84' lang='lat' dir='ltr'>navalem</span> <span class='ocrx_word' id='word_1_332' title='bbox 1715 2313 1855 2352; x_wconf 87' lang='lat' dir='ltr'>referri</span> 
     </span>
     <span class='ocr_line' id='line_1_37' title="bbox 295 2372 1853 2424; baseline 0.001 -14"><span class='ocrx_word' id='word_1_333' title='bbox 295 2373 472 2423; x_wconf 69' lang='lat' dir='ltr'>iubeam,</span> <span class='ocrx_word' id='word_1_334' title='bbox 516 2372 663 2411; x_wconf 89' lang='lat' dir='ltr'>etenim</span> <span class='ocrx_word' id='word_1_335' title='bbox 699 2373 746 2411; x_wconf 93' lang='lat' dir='ltr'>de</span> <span class='ocrx_word' id='word_1_336' title='bbox 786 2374 1023 2422; x_wconf 87' lang='lat' dir='ltr'>tempestate</span> <span class='ocrx_word' id='word_1_337' title='bbox 1061 2372 1197 2422; x_wconf 90' lang='lat' dir='ltr'>aliqua</span> <span class='ocrx_word' id='word_1_338' title='bbox 1234 2372 1298 2410; x_wconf 88' lang='lat' dir='ltr'>hic</span> <span class='ocrx_word' id='word_1_339' title='bbox 1335 2372 1402 2424; x_wconf 90' lang='lat' dir='ltr'>agi</span> <span class='ocrx_word' id='word_1_340' title='bbox 1437 2372 1569 2411; x_wconf 76' lang='lat' dir='ltr'>minus</span> <span class='ocrx_word' id='word_1_341' title='bbox 1605 2372 1690 2411; x_wconf 87' lang='lat' dir='ltr'>veri</span> <span class='ocrx_word' id='word_1_342' title='bbox 1725 2372 1853 2411; x_wconf 87' lang='lat' dir='ltr'>simile</span> 
     </span>
     <span class='ocr_line' id='line_1_38' title="bbox 295 2431 1852 2482; baseline -0.001 -11"><span class='ocrx_word' id='word_1_343' title='bbox 295 2432 454 2471; x_wconf 88' lang='lat' dir='ltr'>videtur</span> <span class='ocrx_word' id='word_1_344' title='bbox 485 2443 579 2482; x_wconf 90' lang='lat' dir='ltr'>esse,</span> <span class='ocrx_word' id='word_1_345' title='bbox 612 2431 802 2481; x_wconf 89' lang='lat' dir='ltr'>quoniam</span> <span class='ocrx_word' id='word_1_346' title='bbox 833 2431 933 2470; x_wconf 92' lang='lat' dir='ltr'>libro</span> <span class='ocrx_word' id='word_1_347' title='bbox 966 2433 1110 2481; x_wconf 89' lang='lat' dir='ltr'>quarto</span> <span class='ocrx_word' id='word_1_348' title='bbox 1142 2431 1391 2481; x_wconf 88' lang='lat' dir='ltr'>tempestatis</span> <span class='ocrx_word' id='word_1_349' title='bbox 1422 2432 1485 2471; x_wconf 85' lang='lat' dir='ltr'>vel</span> <span class='ocrx_word' id='word_1_350' title='bbox 1512 2431 1716 2482; x_wconf 85' lang='lat' dir='ltr'>naufragii</span> <span class='ocrx_word' id='word_1_351' title='bbox 1746 2431 1852 2470; x_wconf 86' lang='lat' dir='ltr'>simi-</span> 
     </span>
     <span class='ocr_line' id='line_1_39' title="bbox 295 2489 1852 2540; baseline -0.001 -10"><span class='ocrx_word' id='word_1_352' title='bbox 295 2491 394 2530; x_wconf 87' lang='lat' dir='ltr'>lisve</span> <span class='ocrx_word' id='word_1_353' title='bbox 419 2491 477 2529; x_wconf 86' lang='lat' dir='ltr'>rei</span> <span class='ocrx_word' id='word_1_354' title='bbox 501 2491 630 2528; x_wconf 88' lang='lat' dir='ltr'>fusius</span> <span class='ocrx_word' id='word_1_355' title='bbox 657 2491 764 2540; x_wconf 89' lang='lat' dir='ltr'>apud</span> <span class='ocrx_word' id='word_1_356' title='bbox 790 2490 1027 2529; x_wconf 83' lang='lat' dir='ltr'>Sallustium</span> <span class='ocrx_word' id='word_1_357' title='bbox 1050 2490 1136 2529; x_wconf 90' lang='lat' dir='ltr'>fieri</span> <span class='ocrx_word' id='word_1_358' title='bbox 1160 2491 1401 2530; x_wconf 90' lang='lat' dir='ltr'>mentionem</span> <span class='ocrx_word' id='word_1_359' title='bbox 1431 2503 1510 2530; x_wconf 89' lang='lat' dir='ltr'>non</span> <span class='ocrx_word' id='word_1_360' title='bbox 1536 2490 1691 2529; x_wconf 75' lang='lat' dir='ltr'>scimus</span> <span class='ocrx_word' id='word_1_361' title='bbox 1742 2489 1852 2536; x_wconf 80' lang='lat' dir='ltr'>Quae</span> 
     </span>
    </p>
   </div>
   <div class='ocr_carea' id='block_1_7' title="bbox 298 2549 1852 2649">
    <p class='ocr_par' dir='ltr' id='par_1_7' title="bbox 298 2549 1852 2649">
     <span class='ocr_line' id='line_1_40' title="bbox 298 2549 1852 2601; baseline 0 -13"><span class='ocrx_word' id='word_1_362' title='bbox 298 2551 332 2589; x_wconf 87' lang='lat' dir='ltr'>si</span> <span class='ocrx_word' id='word_1_363' title='bbox 362 2551 420 2588; x_wconf 89' lang='lat' dir='ltr'>ita</span> <span class='ocrx_word' id='word_1_364' title='bbox 451 2551 556 2601; x_wconf 86' lang='lat' dir='ltr'>sunt,</span> <span class='ocrx_word' id='word_1_365' title='bbox 588 2550 638 2588; x_wconf 91' lang='lat' dir='ltr'>ad</span> <span class='ocrx_word' id='word_1_366' title='bbox 668 2562 846 2600; x_wconf 86' lang='lat' dir='ltr'>pugnam</span> <span class='ocrx_word' id='word_1_367' title='bbox 877 2563 900 2588; x_wconf 89' lang='lat' dir='ltr'>a</span> <span class='ocrx_word' id='word_1_368' title='bbox 926 2550 1079 2589; x_wconf 87' lang='lat' dir='ltr'>Triario</span> <span class='ocrx_word' id='word_1_369' title='bbox 1106 2550 1156 2588; x_wconf 91' lang='lat' dir='ltr'>ad</span> <span class='ocrx_word' id='word_1_370' title='bbox 1182 2550 1384 2588; x_wconf 86' lang='lat' dir='ltr'>Tenedum</span> <span class='ocrx_word' id='word_1_371' title='bbox 1410 2550 1560 2588; x_wconf 84' lang='lat' dir='ltr'>factam</span> <span class='ocrx_word' id='word_1_372' title='bbox 1583 2549 1852 2601; x_wconf 83' lang='lat' dir='ltr'>fragmentum</span> 
     </span>
     <span class='ocr_line' id='line_1_41' title="bbox 298 2609 613 2649; baseline -0.003 -1"><span class='ocrx_word' id='word_1_373' title='bbox 298 2610 435 2649; x_wconf 87' lang='lat' dir='ltr'>afferre</span> <span class='ocrx_word' id='word_1_374' title='bbox 467 2609 613 2648; x_wconf 88' lang='lat' dir='ltr'>licebit.</span> 
     </span>
    </p>
   </div>
   <div class='ocr_carea' id='block_1_8' title="bbox 296 2033 580 2039">
    <p class='ocr_par' dir='ltr' id='par_1_8' title="bbox 296 2033 580 2039">
     <span class='ocr_line' id='line_1_42' title="bbox 296 2033 580 2039; baseline 0 0"><span class='ocrx_word' id='word_1_375' title='bbox 296 2033 580 2039; x_wconf 95' lang='lat' dir='ltr'> </span> 
     </span>
    </p>
   </div>
   <div class='ocr_carea' id='block_1_9' title="bbox 298 2698 1898 2826">
    <p class='ocr_par' dir='ltr' id='par_1_9' title="bbox 298 2698 1898 2826">
     <span class='ocr_line' id='line_1_43' title="bbox 417 2698 1898 2757; baseline 0 -15"><span class='ocrx_word' id='word_1_376' title='bbox 417 2700 502 2756; x_wconf 77' lang='lat'>4†.</span> <span class='ocrx_word' id='word_1_377' title='bbox 563 2700 792 2742; x_wconf 86' lang='lat' dir='ltr'>Turmam</span> <span class='ocrx_word' id='word_1_378' title='bbox 837 2700 1066 2755; x_wconf 87' lang='lat' dir='ltr'>equitum</span> <span class='ocrx_word' id='word_1_379' title='bbox 1109 2702 1275 2742; x_wconf 89' lang='lat' dir='ltr'>castra</span> <span class='ocrx_word' id='word_1_380' title='bbox 1317 2699 1455 2757; x_wconf 87' lang='lat' dir='ltr'>regis</span> <span class='ocrx_word' id='word_1_381' title='bbox 1495 2698 1763 2742; x_wconf 88' lang='lat' dir='ltr'>succedere</span> <span class='ocrx_word' id='word_1_382' title='bbox 1804 2702 1853 2742; x_wconf 85' lang='lat' dir='ltr'>ct</span> <span class='ocrx_word' id='word_1_383' title='bbox 1896 2714 1898 2716; x_wconf 74' lang='grc'><strong>’</strong></span> 
     </span>
     <span class='ocr_line' id='line_1_44' title="bbox 298 2771 1228 2826; baseline -0.001 -12"><span class='ocrx_word' id='word_1_384' title='bbox 298 2786 458 2826; x_wconf 90' lang='lat' dir='ltr'>prope</span> <span class='ocrx_word' id='word_1_385' title='bbox 490 2771 741 2814; x_wconf 90' lang='lat' dir='ltr'>rationem</span> <span class='ocrx_word' id='word_1_386' title='bbox 772 2771 1041 2826; x_wconf 83' lang='lat' dir='ltr'>explorare</span> <span class='ocrx_word' id='word_1_387' title='bbox 1074 2772 1228 2814; x_wconf 90' lang='lat' dir='ltr'>iubet.</span> 
     </span>
    </p>
   </div>
   <div class='ocr_carea' id='block_1_10' title="bbox 296 2863 1852 2958">
    <p class='ocr_par' dir='ltr' id='par_1_10' title="bbox 296 2863 1852 2958">
     <span class='ocr_line' id='line_1_45' title="bbox 358 2863 1852 2912; baseline 0.001 -12"><span class='ocrx_word' id='word_1_388' title='bbox 358 2875 361 2878; x_wconf 90' lang='grc'><em>·</em></span> <span class='ocrx_word' id='word_1_389' title='bbox 415 2865 521 2910; x_wconf 88' lang='lat' dir='ltr'>App.</span> <span class='ocrx_word' id='word_1_390' title='bbox 571 2864 619 2909; x_wconf 88' lang='lat' dir='ltr'>(H</span> <span class='ocrx_word' id='word_1_391' title='bbox 638 2864 745 2909; x_wconf 81' lang='grc'>501),</span> <span class='ocrx_word' id='word_1_392' title='bbox 772 2868 814 2899; x_wconf 87' lang='grc'>61</span> <span class='ocrx_word' id='word_1_393' title='bbox 830 2863 879 2908; x_wconf 87' lang='lat' dir='ltr'>K,</span> <span class='ocrx_word' id='word_1_394' title='bbox 906 2867 950 2898; x_wconf 86' lang='lat'>99</span> <span class='ocrx_word' id='word_1_395' title='bbox 965 2863 1022 2909; x_wconf 77' lang='lat' dir='ltr'>G.)</span> <span class='ocrx_word' id='word_1_396' title='bbox 1052 2885 1098 2889; x_wconf 88' lang='lat'>——</span> <span class='ocrx_word' id='word_1_397' title='bbox 1129 2864 1235 2900; x_wconf 89' lang='lat' dir='ltr'>Arus.</span> <span class='ocrx_word' id='word_1_398' title='bbox 1261 2876 1296 2909; x_wconf 88' lang='lat' dir='ltr'>p.</span> <span class='ocrx_word' id='word_1_399' title='bbox 1317 2867 1397 2900; x_wconf 81' lang='lat'>507.</span> <span class='ocrx_word' id='word_1_400' title='bbox 1422 2885 1470 2890; x_wconf 93' lang='lat'><strong>—</strong></span> <span class='ocrx_word' id='word_1_401' title='bbox 1493 2863 1582 2901; x_wconf 84' lang='lat' dir='ltr'>hist.</span> <span class='ocrx_word' id='word_1_402' title='bbox 1600 2864 1635 2898; x_wconf 89' lang='lat' dir='ltr'>H</span> <span class='ocrx_word' id='word_1_403' title='bbox 1659 2864 1710 2908; x_wconf 88' lang='lat' dir='ltr'>N,</span> <span class='ocrx_word' id='word_1_404' title='bbox 1733 2865 1852 2912; x_wconf 74' lang='lat' dir='ltr'>vulyo,</span> 
     </span>
     <span class='ocr_line' id='line_1_46' title="bbox 296 2911 1851 2958; baseline 0.001 -11"><span class='ocrx_word' id='word_1_405' title='bbox 296 2913 357 2947; x_wconf 85' lang='lat' dir='ltr'>sed</span> <span class='ocrx_word' id='word_1_406' title='bbox 381 2913 427 2956; x_wconf 83' lang='lat' dir='ltr'>cf.</span> <span class='ocrx_word' id='word_1_407' title='bbox 457 2913 584 2948; x_wconf 84' lang='lat' dir='ltr'>Comm.</span> <span class='ocrx_word' id='word_1_408' title='bbox 606 2914 617 2956; x_wconf 79' lang='grc' dir='ltr'>ΙΙ</span> <span class='ocrx_word' id='word_1_409' title='bbox 635 2922 749 2957; x_wconf 87' lang='lat' dir='ltr'>prope</span> <span class='ocrx_word' id='word_1_410' title='bbox 775 2911 974 2958; x_wconf 87' lang='lat' dir='ltr'>rationem]</span> <span class='ocrx_word' id='word_1_411' title='bbox 999 2911 1301 2956; x_wconf 86' lang='lat' dir='ltr'>properationem</span> <span class='ocrx_word' id='word_1_412' title='bbox 1326 2911 1382 2955; x_wconf 90' lang='lat' dir='ltr'>N,</span> <span class='ocrx_word' id='word_1_413' title='bbox 1414 2911 1614 2947; x_wconf 85' lang='lat' dir='ltr'>stationem</span> <span class='ocrx_word' id='word_1_414' title='bbox 1639 2913 1730 2947; x_wconf 72' lang='lat' dir='ltr'>coni.</span> <span class='ocrx_word' id='word_1_415' title='bbox 1751 2913 1851 2948; x_wconf 78' lang='lat' dir='ltr'>Bon-</span> 
     </span>
    </p>
   </div>
   <div class='ocr_carea' id='block_1_11' title="bbox 299 2845 582 2848">
    <p class='ocr_par' dir='ltr' id='par_1_11' title="bbox 299 2845 582 2848">
     <span class='ocr_line' id='line_1_47' title="bbox 299 2845 582 2848; baseline 0 0"><span class='ocrx_word' id='word_1_416' title='bbox 299 2845 582 2848; x_wconf 95' lang='lat' dir='ltr'> </span> 
     </span>
    </p>
   </div>
  </div>
 </body>
</html>
