2034 3184
776 141 1044 186 Fragmentum
1070 143 1125 176 69.
1632 150 1639 155 ·
1652 135 1737 177 185

80 251 131 302 ,ῙΫ
161 252 348 303 Romani
383 267 472 296 non
509 267 595 308 me,
633 251 707 294 sed
743 264 908 292 morem
945 264 1069 292 suum
1109 248 1252 291 omnia
1283 263 1417 304 regna
1449 244 1738 300 subvertendi,

161 323 267 382 quit
296 323 618 367 multitudinem
649 321 755 365 artis
785 321 891 364 locis
923 335 1071 378 pugna
1097 320 1372 377 prohibuere,
1403 317 1737 378 imprudentiam

147 393 364 455 ‚Tigranis
395 410 476 452 pro
507 394 688 438 victoria
719 394 950 437 ostentant.
1055 388 1058 390 ’

282 467 410 512 Nunc
448 481 606 524 quaeso
639 464 877 519 considera,
914 463 1041 506 nobis
1080 463 1298 519 oppressis
1335 466 1482 506 utrum
1508 463 1741 505 firmiorem
1766 473 1807 503 16

164 542 210 585 no
231 539 294 583 -ad
322 538 611 583 resistendum
640 551 696 580 an
721 537 850 579 finem
877 535 981 578 belli
1008 535 1203 578 futurum
1230 536 1388 590 putes?
1420 534 1517 578 Scio
1544 534 1741 590 equidem

43 634 51 657 ·.
86 664 95 668 .
164 610 249 655 tibi
280 626 460 668 magnas
491 624 597 666 opes
627 608 835 664 virorum,
873 622 1090 650 armorum
1129 610 1171 649 et
1209 606 1301 649 auri
1338 621 1448 663 esse3
1486 610 1529 649 et
1561 621 1610 648 ea
1641 621 1686 649 re
1718 621 1743 648 a

162 682 292 727 nobis
321 682 376 725 ad
401 682 662 738 societatem,
693 681 749 723 ab
775 680 863 723 illis
888 679 941 722 ad
968 679 1170 736 praedam
1197 679 1368 734 peteris.
1420 677 1620 721 Ceterum
1646 693 1741 719 con-

163 752 309 798 silium
335 757 414 812 est,
444 753 644 812 Tigranis
670 767 804 810 regno
838 751 1020 809 integro,
1051 750 1158 793 meis
1184 749 1399 792 militibus
1428 749 1533 792 belli
1559 749 1741 805 pruden-

0 799 58 882 ,j
91 863 95 866 .
162 826 296 883 tibus,
326 825 479 883 procul
507 826 562 869 ab
589 826 729 881 domo,
760 838 894 880 parvo
920 823 1069 866 labore
1095 838 1173 879 per
1198 825 1347 865 nostra
1371 836 1553 876 corpora
1579 820 1742 862 bellum

163 898 384 955 conficere,
415 913 501 955 quo
531 912 672 954 neque
698 896 866 939 vincere
897 910 1036 952 neque
1066 894 1178 938 vinci
1204 894 1296 937 sine
1326 896 1401 937 tuo
1428 892 1621 949 periculo
1648 907 1743 948 pos-

162 985 324 1015 wmus.
390 969 462 1013 An
499 970 674 1028 ignoras
710 969 946 1023 Romanos,
984 969 1218 1026 postquam
1254 966 1308 1008 ad
1345 965 1610 1008 occidentem
1649 979 1741 1020 per·
1766 976 1806 1006 17

162 1041 370 1103 gentibus
411 1042 542 1084 finem
581 1040 775 1084 Oceanus
813 1039 934 1096 fecit,
978 1053 1096 1082 arma
1133 1038 1218 1080 huc
1256 1036 1546 1080 convertisse?
1590 1035 1744 1091 Neque

163 1113 395 1174 quicquam
432 1128 458 1156 a
489 1112 706 1169 principio
743 1111 828 1155 nisi
866 1114 1040 1168 raptum
1078 1111 1257 1166 habere,
1296 1109 1488 1166 domum,
1527 1107 1744 1165 coniuges,

163 1201 304 1245 agros,
322 1184 584 1242 imperium?
626 1183 847 1227 Convenae
868 1183 971 1226 olim
993 1183 1083 1226 sine
1103 1181 1258 1239 patria,
1283 1180 1552 1238 parentibus,
1577 1183 1744 1236 pestem

111 1265 116 1273 '
164 1257 360 1302 conditos
392 1257 512 1300 orbis
536 1259 761 1312 terrarum,
794 1255 954 1312 quibus
984 1270 1072 1298 non
1097 1255 1285 1297 humana
1315 1253 1404 1296 ulla
1429 1267 1569 1308 neque
1601 1252 1745 1294 divina

164 1329 355 1386 obstant,
379 1329 486 1386 quin
511 1328 661 1385 socios,
687 1328 860 1384 amicos,
885 1327 1037 1384 procul
1062 1327 1185 1369 iuxta
1210 1326 1329 1383 sitos,
1358 1325 1510 1381 inopes
1536 1323 1744 1380 potentis-

165 1403 248 1458 que
278 1401 456 1445 trahant
487 1400 734 1456 exeindant,
772 1399 1002 1455 omniaque
1033 1414 1121 1441 non
1159 1413 1281 1441 serva
1313 1400 1356 1440 et
1393 1396 1580 1440 maxime
1611 1411 1746 1454 regna

163 1473 343 1517 hostilia
371 1473 542 1516 ducant.
602 1471 802 1528 Namque
834 1471 961 1527 pauci
993 1471 1255 1527 libertatem,
1287 1485 1389 1526 pars
1420 1484 1577 1526 magna
1610 1468 1747 1510 iustos
1768 1479 1811 1512 18

127 1575 130 1577 -
165 1545 364 1589 dominos
392 1544 558 1601 volunt,
588 1558 669 1587 nos
701 1543 891 1600 suspecti
924 1557 1071 1585 sumus
1103 1542 1261 1585 aemuli
1294 1544 1337 1584 et
1365 1541 1411 1584 in
1436 1544 1632 1596 tempore
1658 1540 1747 1582 vin-

165 1617 282 1662 dices
305 1616 508 1660 adfuturi.
564 1616 631 1659 Tu
654 1630 769 1672 vero⁷
794 1615 863 1658 cui
883 1615 1097 1671 Seleucea,
1123 1614 1311 1656 maxima
1335 1613 1523 1670 urbium,
1548 1627 1747 1670 regnum-
1770 1624 1811 1655 19

166 1704 251 1748 que
286 1688 477 1733 Persidis
514 1687 676 1732 inclitis
714 1687 877 1730 divitiis
914 1690 999 1744 est⁷
1037 1686 1140 1743 quid
1177 1686 1232 1728 ab
1272 1685 1359 1728 illis
1396 1685 1480 1728 nisi
1518 1684 1665 1727 dolum
1702 1683 1747 1726 in

166 1776 370 1820 praesens
407 1764 451 1804 et
471 1762 641 1817 postea
678 1759 842 1802 bellum
881 1759 1114 1815 expectas?
1152 1757 1337 1800 Romani
1375 1773 1493 1800 arma
1530 1756 1575 1799 in
1608 1755 1747 1799 omnis
1767 1768 1812 1799 20

164 1827 342 1890 habent,
367 1832 598 1876 accerrima
623 1831 670 1874 in
695 1847 782 1888 eos,
807 1831 967 1888 quibus
993 1830 1119 1873 victis
1145 1829 1286 1886 spolia
1309 1819 1520 1885 ‘maxima3
1552 1828 1747 1870 audendo

167 1908 212 1951 et
240 1905 430 1949 fallendo
467 1907 512 1947 et
550 1903 667 1947 bella
705 1919 757 1946 ex
790 1902 918 1946 bellis
951 1902 1130 1946 serendo
1163 1901 1310 1959 magni
1341 1901 1457 1943 facti.
1518 1901 1602 1943 Per
1633 1900 1748 1942 hunc
1768 1913 1808 1943 21

167 1990 333 2022 morem
363 1975 621 2034 extinguent
653 1975 798 2018 omnia
829 1978 905 2017 aut
931 1974 1126 2018 occident
1153 1990 1174 2013 ιιι
1197 1990 1217 2013 *
1240 1990 1260 2013 *
1290 1973 1405 2030 quod
1431 1973 1547 2016 haud
1572 1971 1747 2015 difficile

287 2093 590 2160 Tes’timonia:
618 2097 674 2130 16.
696 2093 838 2130 Charis.
852 2106 887 2140 p.
905 2096 989 2129 196:
1011 2091 1214 2128 Sallustius
1228 2091 1473 2127 historiarum
1485 2091 1553 2128 IV:
1576 2090 1676 2127 ‘Scio
1691 2119 1698 2126 .
1716 2119 1723 2126 .
1740 2119 1746 2126 .

168 2143 363 2227 conficil'i‘i'
373 2189 474 2226 Serv.
501 2189 552 2225 ad
576 2189 668 2226 Aen.
689 2189 759 2225 VH
778 2193 865 2226 303:
892 2188 1112 2225 Sallustius:
1142 2188 1303 2234 ‘pestem
1326 2188 1539 2224 terrarum.'

290 2242 345 2275 19.
372 2238 480 2274 Arus.
499 2250 536 2284 p.
556 2241 644 2275 487:
666 2237 740 2274 Sal.
759 2237 847 2273 hist.
868 2237 921 2272 IV
942 2266 948 2273 .
965 2266 972 2273 .
990 2266 996 2272 .
1018 2236 1119 2272 idem
1134 2235 1223 2272 hist.
1238 2236 1306 2272 IV:
1329 2235 1445 2279 ‘Quid
1466 2265 1473 2272 .
1490 2265 1497 2272 .
1514 2265 1521 2271 .
1542 2235 1746 2281 expectas?

289 2350 346 2383 16.
371 2345 530 2393 peteris]
558 2346 599 2390 V,
628 2344 785 2391 petieris
811 2345 857 2381 N
860 2344 1032 2382 Charisii.
1059 2364 1104 2371 —·
1130 2344 1223 2380 belli
1247 2343 1515 2391 prudentibus]
1542 2356 1608 2380 om.
1637 2344 1676 2379 V.
1706 2365 1748 2369 —

168 2405 301 2478 parve:1
311 2394 458 2479 laflqge]
484 2404 550 2430 om.
574 2393 776 2438 Charisius,
801 2394 892 2430 delet
911 2393 1060 2429 Linker.
1082 2414 1126 2419 -
1147 2393 1238 2440 quo]
1264 2403 1379 2438 quom
1401 2393 1442 2437 V,
1467 2403 1558 2428 corr.
1583 2392 1750 2435 Gerlach,

171 2454 274 2490 quan
301 2453 324 2478 o
427 2453 482 2478 us.

290 2493 346 2527 17.
371 2489 540 2537 raptum]
559 2490 711 2536 partum
738 2489 779 2534 V,
798 2500 890 2526 corr.
907 2488 1133 2534 Oiacconius,
1153 2488 1191 2525 vi
1210 2490 1362 2535 partum
1380 2489 1472 2525 coni.
1492 2488 1616 2532 Klotz,
1635 2486 1750 2523 armis

169 2539 321 2585 partum
339 2538 483 2575 Douza.
506 2559 550 2564 —
569 2536 808 2584 parentibus]
835 2537 915 2572 sine
934 2536 1155 2583 parentibus
1175 2537 1307 2573 Aldus.
1328 2558 1372 2563 ——
1392 2536 1554 2582 pestem]
1580 2538 1687 2581 peste
1709 2536 1750 2579 V,

172 2586 295 2631 Kritz,
319 2587 478 2630 Jordan,
501 2587 647 2632 pestem
667 2585 749 2630 AS,
773 2596 846 2632 eqo,
872 2586 978 2631 perte
997 2586 1074 2622 rell.
1096 2585 1224 2629 Servii,
1249 2584 1349 2631 pesti
1375 2586 1468 2620 coni.
1489 2585 1635 2627 Douza,
1665 2595 1750 2618 cum

170 2635 277 2680 peste
295 2638 406 2671 antea
425 2634 585 2670 Dietsch.
607 2655 651 2659 —
672 2632 861 2680 conditos]
889 2632 1109 2678 VSallustii,
1134 2633 1343 2677 ASServii,
1368 2631 1542 2668 conditor
1565 2631 1749 2676 RHFL,

171 2681 348 2718 conditur
372 2681 422 2718 M
426 2681 555 2718 Servii.
581 2703 628 2707 —
653 2681 832 2728 maxime]
857 2692 1032 2717 maxume
1059 2682 1098 2718 V.

292 2732 348 2766 19.
374 2730 568 2777 expectas]
594 2731 797 2775 expectans
824 2729 868 2765 N
872 2728 1043 2765 Charisii.

292 2780 348 2814 20.
375 2775 513 2824 omnis]
540 2788 668 2813 omnes
695 2778 734 2813 V.
762 2798 807 2803 —-
833 2776 1014 2824 maxima]
1039 2789 1217 2813 maxuma
1244 2777 1283 2813 V.

291 2829 348 2862 21.
374 2825 570 2862 Lacunam
595 2826 675 2862 iwre
698 2826 829 2862 statuit
849 2825 988 2873 Kitzi9‚
1013 2837 1095 2862 cum
1114 2827 1190 2861 inse
1214 2830 1318 2861 ruente
1337 2825 1522 2861 e‘nwntiati
1542 2829 1651 2870 parte
1674 2835 1751 2860 ‘non

170 2873 285 2911 facile
309 2873 500 2910 Romanos
526 2873 653 2908 omnia
678 2872 910 2919 extinguere,
934 2874 996 2910 sed
1020 2873 1134 2910 facile
1160 2873 1247 2910 ilos
1273 2885 1296 2910 a
1315 2871 1466 2911 Parthis
1487 2871 1749 2918 Armeniisque

171 2921 469 2960 circumventum
493 2920 541 2958 iri
566 2921 807 2959 Mithridates
830 2926 1032 2969 emponeret.
