1976 3190
794 151 1082 190 PRAEFATIO.
1638 157 1725 194 XXI

21 265 23 270 ’
74 233 402 325 &servire
433 259 682 316 compulsus
713 261 780 302 est
809 259 1012 304 Sullanae
1043 265 1273 318 potestatis
1304 265 1502 321 imperio'
1529 265 1726 310 Sallusti-

64 329 261 400 m
286 330 474 375 similem
500 331 628 375 finxit
657 330 885 390 Firmicus,
917 333 969 376 cf.
1000 332 1116 377 Hist.
1141 333 1163 377 Ι
1188 336 1257 393 55,
1291 339 1363 380 11:
1402 338 1609 395 ‘Populus
1640 338 1726 382 Ro-

18 455 19 459 *
145 415 300 454 mus
336 402 468 460 paulo
507 405 608 447 ante
639 403 835 462 gentium
871 404 1135 462 moderator,
1174 410 1328 450 exutus
1365 408 1545 466 imperio
1583 410 1723 468 gloria

54 460 119 535 34⁸³
146 473 263 532 iuro,
293 474 487 533 agitandi
523 475 651 532 inops
682 475 994 542 despectusque
1025 492 1079 520 ne
1111 478 1282 521 servilia
1314 480 1487 535 quidem
1518 482 1723 525 alimenta

145 545 313 603 :aliqua
335 546 488 605 habet3
511 573 571 579 —
597 573 654 579 —
679 573 739 579 —
762 547 881 606 leges
907 548 1066 592 iudicia
1091 550 1303 592 aerarium
1327 552 1574 607 provinciae
1598 569 1722 613 reges

18 616 22 666 Ϊ
54 654 83 678 ἰ
141 632 275 677 penes
306 619 471 676 unum'3
513 619 559 662 id
590 634 762 676 quoque
794 620 911 676 quod
951 620 1121 677 imperii
1160 621 1346 664 Romani
1389 624 1489 666 finis
1527 624 1721 669 Oceanus

144 689 390 748 appellatur
430 690 640 735 Sallustio
681 692 907 749 proprium
950 695 1029 750 est,
1073 693 1125 736 cf.
1157 693 1271 737 Hist.
1303 693 1366 737 IV
1398 697 1474 753 69,
1518 698 1583 740 17.
1646 698 1722 740 ‘ad

0 803 2 822 ὲ
57 757 63 760 ”
144 761 410 809 occidentem
447 763 729 822 pergentibus
772 764 903 807 finem
947 763 1143 808 Oceanus
1187 765 1290 808 fecit
1301 766 1325 822 ⁹,
1369 769 1412 809 et
1448 765 1470 809 I
1510 770 1581 811 11:
1620 769 1722 812 ‘Res

142 832 342 885 Romana
370 835 608 892 plurimum
639 835 824 892 imperio
855 837 993 879 valuit
1025 837 1143 880 omni
1175 836 1317 881 Gallia
1349 838 1409 881 cis
1434 838 1635 883 Rhenum
1661 844 1722 883 at-

107 934 113 937 ·
144 920 228 963 qne
254 906 370 951 inter
394 922 513 951 mare
536 910 736 951 nostrum
762 911 805 951 et
830 907 1047 951 Oceanum
1072 909 1343 965 perdomita'.
1404 909 1569 954 Deinde
1595 911 1724 954 ‘debi-

55 967 90 1036 f
143 974 297 1025 litatus
322 993 416 1022 esse
441 979 635 1023 omnium
667 979 836 1023 animos
864 983 984 1023 metu
1007 980 1196 1037 Lepidus
1228 981 1342 1037 apud
1373 980 1628 1025 Sallustium
1654 998 1722 1026 ex-

140 1049 269 1108 ponit
304 1048 328 1094 I
363 1050 440 1108 55,
486 1052 530 1095 1:
574 1051 714 1108 ‘peior
756 1054 886 1109 atque
929 1045 1224 1096 intestabilior
1266 1055 1385 1096 metu
1426 1057 1591 1113 vestro,
1635 1070 1720 1111 quo

141 1121 284 1179 emptis
311 1121 532 1166 libertatis
563 1137 710 1167 curam
739 1123 914 1167 miseria
945 1124 1133 1167 eximat'.

68 1212 79 1226 -’
259 1193 368 1239 Lin.
393 1195 464 1240 57.
513 1189 702 1252 Tempus
726 1195 910 1240 vacuum
936 1212 961 1239 a
986 1196 1239 1253 sceleribus]
1267 1196 1457 1240 ‘Vacuus
1482 1199 1522 1240 a'
1550 1200 1720 1256 saepius

56 1255 77 1318 ⁸12,
140 1265 257 1324 npud
287 1265 556 1325 Sallustium,
588 1268 640 1312 cf.
674 1267 799 1312 catil.
834 1270 902 1326 14,
933 1271 982 1326 43
1013 1270 1083 1327 51,
1117 1270 1160 1327 13
1191 1269 1306 1313 Hist.
1337 1268 1403 1312 ΠΙ
1436 1271 1475 1314 3.

52 1335 77 1381 ᾇ
258 1337 406 1397 Ibid.]
466 1340 718 1384 Lucretium
748 1356 773 1384 a
799 1340 922 1384 Sulla
952 1340 1122 1398 privato
1155 1342 1345 1385 occisum
1370 1357 1463 1386 esse
1494 1342 1605 1386 falso
1630 1342 1720 1386 Fir-

138 1410 278 1455 micus
307 1411 493 1470 rettulit,
523 1412 575 1456 cf.
601 1412 759 1456 Ascon.
785 1429 826 1469 p.
853 1414 908 1456 92
937 1411 1007 1456 Or.
1039 1411 1099 1471 (p.
1127 1415 1180 1457 81
1209 1413 1281 1472 K.)
1316 1413 1579 1457 ‘Lucretium
1606 1415 1719 1458 Ofel-

138 1481 230 1527 lam
279 1483 554 1527 consulatum
603 1487 755 1528 contra
802 1485 1075 1528 voluntatem
1126 1484 1272 1528 Sullae
1304 1511 1360 1516 —
1394 1511 1454 1517 —
1502 1489 1719 1543 petentem

140 1553 198 1614 (a.
230 1553 310 1612 81)
341 1555 556 1600 occiderat
586 1556 710 1600 iussu
742 1556 889 1600 Sullae
925 1559 1029 1600 tunc
1068 1547 1314 1601 dictatoris'
1357 1557 1434 1616 (sc.
1466 1557 1718 1617 Bellienus).

257 1626 365 1672 Lin.
397 1629 456 1672 60
487 1628 569 1685 sq.]
632 1628 698 1672 De
734 1629 832 1672 lacu
864 1628 1047 1673 Servilio
1092 1629 1143 1673 cf.
1178 1628 1322 1673 Senec.
1355 1630 1452 1674 dial.
1489 1629 1511 1673 I
1543 1632 1587 1674 3:
1629 1630 1719 1674 <Vi-

140 1697 271 1743 deant
313 1713 446 1756 supra
485 1698 774 1744 Servilianum
816 1701 959 1744 lacum
1001 1727 1061 1732 —
1104 1727 1160 1733 —-
1200 1704 1447 1745 senatorum
1491 1703 1632 1759 capita
1676 1706 1718 1745 et

139 1770 304 1828 passim
343 1771 548 1830 vagantis
578 1787 656 1829 per
697 1773 851 1817 urbem
893 1788 1197 1830 percussorum
1228 1773 1399 1832 greges'
1425 1777 1503 1818 etc.
1537 1801 1593 1806 —
1625 1774 1718 1817 ‘im-

137 1842 296 1888 mmis'
327 1843 500 1902 saepius
530 1843 703 1904 legitur.
1554 1889 1563 1898 ‚

255 1915 363 1960 Lin.
389 1915 549 1974 85‘sq.]
600 1916 710 1960 Rem
735 1917 922 1961 similem
941 1917 1175 1962 Sallustius
1201 1918 1442 1961 accuratius
1468 1918 1717 1975 exposuisse

72 1985 76 2001 ¹
137 1986 322 2047 videtur,
353 1987 406 2033 cf.
435 1987 553 2033 Hist.
583 1987 606 2032 I
637 1990 694 2033 49
728 1992 772 2034 et
803 1991 874 2048 55,
907 1991 974 2034 17.
1008 1991 1077 2034 21.

253 2058 362 2104 Lin.
393 2061 464 2104 92.
524 2060 609 2104 Per
641 2062 786 2105 omnia
817 2062 916 2119 etc.]
950 2062 1002 2105 cf.
1036 2077 1166 2119 supra
1195 2061 1270 2105 lin.
1304 2063 1360 2104 33
1393 2064 1436 2104 et
1466 2062 1536 2106 46.

253 2131 364 2176 Lin.
394 2133 452 2177 98
485 2132 568 2190 sq.]
630 2131 701 2176 Ad
724 2133 855 2177 Marii
887 2148 1054 2177 errores
1091 2133 1166 2177 lib.
1192 2133 1214 2177 I
1241 2149 1330 2191 cap.
1355 2132 1422 2177 ΠΙ
1453 2133 1593 2177 fusius
1622 2149 1719 2176 nar-

136 2205 257 2261 ratos
286 2203 488 2262 pertinet,
518 2204 571 2248 cf.
602 2204 678 2248 lin„
713 2206 779 2249 10.

254 2275 361 2320 Lin.
395 2276 492 2320 102.
553 2275 744 2335 Legatus
776 2276 898 2321 Sulla
930 2277 1028 2334 etc]
1059 2277 1157 2321 vide
1189 2293 1320 2334 supra
1350 2277 1425 2320 lin.
1458 2279 1513 2320 22
1541 2293 1604 2334 sq.

162 2380 168 2384 -
257 2347 364 2392 Lin.
397 2348 495 2393 105.
553 2348 890 2393 ‘Dominationis
922 2349 1141 2394 Sullanae'
1168 2364 1253 2393 vox
1279 2365 1301 2392 e
1328 2348 1535 2393 Sallustio
1561 2350 1717 2392 hausta

139 2433 234 2464 0880
274 2419 464 2478 videtur,
507 2420 559 2464 cf.
590 2419 705 2464 Hist.
745 2419 768 2464 I
809 2422 884 2479 313
915 2422 991 2479 573
1037 2421 1161 2465 Catil.
1200 2422 1246 2480 5,
1284 2423 1329 2479 ὃς
1373 2422 1448 2479 28,
1484 2423 1531 2479 43
1574 2421 1714 2477 Exup.

137 2506 180 2549 p.
205 2491 246 2550 3,
273 2491 330 2536 14
353 2491 433 2548 (ed.
457 2491 624 2549 Bwrs.);
657 2492 788 2536 ‘facta
813 2492 1018 2537 crudelia?
1045 2494 1096 2537 cf.
1124 2508 1221 2536 cum
1251 2492 1366 2536 Hist.
1391 2491 1435 2535 H
1461 2495 1535 2536 92:
1568 2493 1715 2536 efortia

137 2562 284 2622 fiete,
313 2562 408 2608 sim.
437 2561 532 2623 Iug.
566 2564 636 2622 85,
665 2564 714 2622 43
747 2563 837 2608 Cat.
870 2566 941 2623 59,
972 2567 1012 2610 6.

257 2778 330 2823 En
358 2778 507 2838 legisti
539 2781 668 2835 caput
698 2779 808 2822 illud
845 2795 868 2823 e
897 2779 1086 2823 Firmico
1120 2783 1340 2836 sumptum
1382 2781 1579 2837 idemque
1598 2751 1601 2754 Α
1621 2780 1718 2838 pul-

139 2850 399 2895 cherrimum
429 2850 613 2896 Useneri
643 2852 964 2910 munusculum3
994 2852 1080 2895 iam
1113 2851 1345 2894 Sallustius
1375 2852 1468 2908 ipse
1498 2852 1713 2908 loquatur.

137 2920 286 2980 Atque
315 2923 427 2966 scias
459 2922 854 2980 quantulacumque
883 2923 1081 2980 praestiti
1113 2924 1194 2966 hac
1223 2923 1270 2966 in
1301 2923 1489 2967 editione
1522 2939 1590 2967 me
1616 2939 1713 2968 con-
