1976 3190
264 153 318 195 72
670 140 673 142 ’
747 150 902 187 Sallusti
926 151 1176 187 Historiarum
1200 151 1265 187 lib.
1286 151 1328 187 Π.

262 264 386 304 cedat.
444 263 520 302 Sed
551 264 598 302 de
631 275 735 302 anno
764 265 816 302 75
850 263 913 302 hie
945 263 1011 314 agi
1042 264 1173 302 minus
1199 263 1358 313 probari
1386 264 1530 314 potest,
1563 262 1710 313 quippe
1741 275 1820 314 quo

263 323 396 362 Gallia
433 335 511 360 non
549 322 665 361 modo
698 335 777 361 non
814 322 980 374 integris
1016 323 1138 361 fuerit
1170 322 1312 373 copiis,
1351 322 1418 361 sed
1455 318 1588 360 ‘malis
1628 321 1823 362 fructibus

264 382 351 432 ipsa
381 381 447 420 vix
479 378 720 432 agitaverit'.
782 381 924 431 Itaque
957 381 1006 420 ad
1039 394 1188 420 annum
1222 384 1274 421 76
1307 381 1430 420 verba
1459 380 1610 420 rettuli.

383 481 494 527 340⁸.
545 482 678 534 Quae
704 483 922 539 pecunia
947 484 1006 526 ad
1030 483 1377 539 Hispaniense
1403 482 1595 525 bellum
1612 482 1824 526 Metello

263 555 399 596 faeta
431 556 550 596 erat.

382 647 488 692 App.
546 646 592 692 (Π
619 646 726 692 731),
758 650 803 682 37
817 647 866 691 K,
898 647 915 682 Ι
939 651 985 682 46
1001 647 1042 692 G,
1074 647 1108 682 H
1132 659 1166 693 p.
1190 651 1232 682 72
1247 647 1321 692 Β1.)
1352 668 1399 672 -
1428 645 1563 683 Donat.
1598 647 1649 683 ad
1679 646 1825 684 Terent.

265 695 410 730 Phorm.
432 695 448 729 I
469 698 499 739 1,
513 699 546 730 4.
566 715 613 719 —
633 693 753 730 Schol.
775 694 901 730 Bemb.
923 695 972 729 ad
991 694 1014 730 1.
1034 694 1058 730 l.
1080 695 1217 739 (Herm.
1238 695 1289 729 II
1298 707 1336 740 p.
1352 696 1448 740 379).
1469 715 1516 720 —
1535 693 1720 731 Salustius
1739 694 1823 742 4-—

263 743 368 778 habet
396 742 442 787 0,
475 742 568 787 quod
595 741 778 777 Salustius
802 741 841 776 in
865 741 984 787 primo
1017 742 1290 788 intelligendum
1321 753 1391 777 esse
1419 743 1559 777 monuit
1582 742 1714 789 Ju'sryes
1731 754 1772 789 p.
1793 745 1829 788 6,

269 790 429 836 equidem
455 790 611 825 litteram
637 790 740 824 illam
760 800 830 834 pro
856 789 890 823 L
912 790 1036 834 potius
1060 790 1181 833 habeo,
1206 791 1261 824 ita
1285 794 1326 824 ut
1350 789 1447 823 libro
1474 809 1521 814 —
1545 789 1672 826 omisso
1695 790 1831 827 scilicet

266 850 290 873 a
316 837 479 872 librariis
499 837 585 872 libri
603 847 751 872 ‘numero
769 857 816 862 —
836 837 1023 883 leyeudum
1047 837 1150 872 'nobis
1171 838 1230 880 sit,
1255 837 1358 871 nisus
1380 836 1503 872 Caroli
1520 836 1720 882 Dziatzkii,
1744 838 1830 874 dili-

266 885 466 931 qeutissimi
495 885 624 919 horum
654 884 869 919 scholiorum
899 884 1157 927 aestimatoris,
1191 884 1329 919 iudicio
1336 897 1349 927 ,·
1386 884 1514 919 etenim
1547 888 1694 930 rogatus
1723 897 1749 920 a
1777 896 1831 921 me

266 932 413 976 scripsit
437 931 694 966 humanissime
719 932 839 966 haece:
871 930 969 975 „Das
997 930 1121 965 Ganze
1153 930 1203 965 ist
1234 929 1274 965 in
1306 931 1371 965 der
1396 930 1589 966 Absehrift
1619 930 1681 967 ein
1710 931 1831 968 recht-

268 978 490 1023 winkeliger
514 978 664 1021 Haken,
692 977 752 1012 die
777 979 908 1013 untere
934 977 1167 1023 wagereehte
1192 977 1298 1013 Linie
1325 978 1415 1013 aber
1440 989 1480 1013 so
1505 977 1606 1032 lang,
1633 978 1719 1014 dass
1743 990 1832 1015 man

269 1025 374 1060 nieht
399 1026 416 1060 Ι
441 1025 681 1060 herauslesen
705 1025 818 1060 kann.
868 1025 964 1064 Dass
990 1025 1163 1060 letzterer
1184 1024 1305 1060 Strieh
1332 1025 1417 1060 sehr
1440 1025 1515 1061 viel
1539 1024 1658 1061 semer
1681 1025 1743 1072 ist,
1767 1026 1832 1062 be-

272 1073 360 1108 ruht
385 1072 483 1108 wohl
508 1084 579 1107 nur
604 1071 672 1107 auf
693 1071 850 1107 Zufall.“
870 1074 882 1118 ΙΙ
900 1071 1070 1119 Metello]
1096 1083 1162 1108 om.
1189 1073 1236 1108 B.
1262 1093 1308 1098 ——
1334 1071 1452 1120 faeta]
1477 1072 1580 1108 factu
1608 1072 1650 1109 0.

389 1148 553 1187 Comm.
598 1148 888 1194 Quaerentibus
909 1161 1026 1198 quem
1048 1149 1098 1187 ad
1118 1162 1266 1187 annum
1279 1148 1399 1188 verba
1419 1151 1596 1199 spectare
1608 1149 1831 1202 videantur,

271 1208 540 1258 reputandum
566 1210 626 1246 est
645 1210 684 1246 et
704 1220 807 1247 anno
830 1210 882 1247 76
906 1210 945 1246 et
965 1220 1068 1246 anno
1091 1210 1142 1247 75
1171 1208 1428 1258 imperatores
1447 1208 1647 1248 Romanos
1665 1209 1834 1260 pecunia

273 1280 511 1318 magnopere
550 1267 715 1318 eguisse.
780 1266 879 1306 Cum
917 1279 1010 1305 vero
1048 1280 1095 1305 ex
1127 1266 1266 1306 Cottae
1305 1267 1483 1306 oratioue
1522 1267 1720 1307 efficiatur
1753 1267 1835 1307 iam

272 1327 402 1377 priore
446 1339 548 1364 311110
587 1328 852 1365 commeatum
891 1325 1211 1376 stipendiumque
1250 1339 1273 1364 a
1312 1328 1453 1365 senatu
1495 1327 1702 1376 postulata
1738 1339 1834 1379 esse,

273 1386 407 1436 potius
434 1386 539 1423 huno
565 1398 714 1423 annum
744 1387 794 1424 76
822 1385 972 1423 dietum
999 1397 1082 1423 esse
1108 1385 1345 1436 putaverim,
1378 1386 1568 1435 quoniam
1591 1388 1732 1436 postea
1755 1399 1835 1426 non

274 1449 356 1483 tam
382 1445 600 1495 Metellum,
633 1457 754 1494 quam
779 1444 1015 1494 Pompeium
1040 1446 1140 1483 teste
1167 1444 1252 1483 eius
1283 1444 1457 1494 epistula
1480 1439 1650 1495 pecunia
1681 1444 1835 1485 defecit.

395 1546 502 1590 35²³.
564 1546 629 1589 At
661 1546 920 1589 Sertorius
952 1561 1138 1589 vacuus
1169 1546 1332 1589 hieme
1365 1547 1539 1602 copias
1570 1556 1765 1604 augere.

395 1641 500 1685 App.
553 1639 638 1683 (Ine.
661 1643 705 1673 36
719 1639 762 1683 D,
791 1643 810 1673 2
824 1639 868 1683 K,
894 1639 945 1673 III
967 1643 1009 1674 16
1025 1639 1067 1683 Gr,
1092 1638 1108 1673 1
1130 1651 1165 1684 p.
1187 1642 1256 1674 580
1269 1639 1343 1685 ΒΥ.)
1370 1660 1414 1665 -
1440 1639 1618 1686 Porphyr.
1639 1639 1689 1675 ad
1706 1639 1835 1676 Horat.

277 1700 332 1734 ep.
359 1688 393 1722 Π
414 1692 445 1732 2,
467 1691 522 1722 81.
543 1689 554 1732 ΙΙ
572 1687 729 1733 vacuus]
755 1697 874 1721 vacua
899 1687 992 1722 coni.
1020 1687 1075 1722 W.
1096 1687 1234 1733 Meyer.
1810 1696 1813 1698 '

397 1763 562 1802 Comm.
612 1763 645 1801 Ε
666 1762 771 1801 Livii
790 1763 1013 1814 fragmento
1034 1762 1229 1802 Vaticano
1251 1765 1496 1814 quantopere
1515 1763 1643 1802 hieme
1666 1765 1688 1802 7
1694 1765 1835 1803 6—75

266 1823 477 1869 ,Sertorius
510 1822 643 1861 omnia
674 1822 777 1861 bello
809 1822 1031 1861 necessaria
1062 1835 1307 1874 comparare,
1339 1835 1594 1874 praeparare,
1632 1822 1838 1873 disponere

281 1882 491 1933 studuerit,
524 1881 714 1931 quoniam
740 1881 925 1920 certiores
951 1881 1048 1920 faeti
1074 1893 1223 1932 SUmUS,
1255 1881 1394 1920 deinde
1420 1881 1528 1932 quod
1552 1894 1597 1920 eo
1629 1881 1715 1932 ipso
1740 1883 1838 1920 tem-

279 1955 374 1993 pore
405 1953 552 1980 vaouus
582 1954 624 1979 re
655 1953 749 1979 vera
780 1940 857 1979 diei
889 1941 1024 1990 potuit
1049 1940 1247 1979 Sertorius
1273 1942 1444 1990 utroque
1469 1940 1646 1980 hostium
1670 1940 1838 1991 impera-

281 2004 366 2040 tore
392 2000 531 2051 proeul
557 2000 606 2038 ab
633 2013 677 2038 eo
697 1999 909 2050 hiemante,
936 2000 986 2038 ad
1011 2000 1172 2038 eandem
1200 2000 1301 2038 hanc
1323 1999 1493 2039 hiemem
1513 1998 1696 2039 Sallustii
1719 1999 1840 2039 verba

282 2060 488 2099 referenda
520 2071 603 2098 esse
634 2059 732 2096 mihi
763 2058 959 2098 videntur.

404 2160 510 2205 36²⁸.
571 2161 716 2203 Prob.
756 2176 796 2216 p.
824 2162 898 2203 20:
937 2160 1093 2204 <Stobos
1130 2161 1289 2203 lectum
1326 2161 1371 2203 in
1409 2160 1633 2219 Sallustio,
1661 2175 1839 2204 numero

283 2247 452 2287 semper
483 2231 652 2287 plurali,
683 2231 727 2272 hi
761 2230 897 2287 Stobi,
927 2246 1082 2274 nomen
1114 2231 1328 2274 civitatis?

403 2306 522 2370 App?
537 2305 645 2368 unc.
669 2328 711 2359 13
725 2324 768 2369 D,
794 2324 828 2358 n
846 2328 892 2360 43
905 2324 949 2370 K,
975 2324 1046 2360 inc.
1074 2328 1118 2360 56
1133 2323 1175 2369 G,
1201 2325 1218 2359 1
1241 2336 1276 2370 p.
1297 2328 1366 2360 643
1379 2324 1454 2370 ΒΥ.)

405 2401 569 2440 Comm.
633 2400 845 2439 Stoborum
883 2401 1018 2451 oppidi
1055 2400 1297 2439 mentionem
1339 2413 1422 2439 esse
1465 2401 1614 2440 factam
1656 2400 1696 2451 in
1736 2401 1841 2441 bello

286 2460 538 2500 Macedonico
571 2461 723 2498 certum
754 2459 834 2498 fere
867 2462 943 2510 est3
975 2460 1059 2499 veri
1091 2462 1226 2498 autem
1257 2459 1383 2498 simile
1409 2459 1578 2511 videtur,
1609 2473 1841 2499 commemo-

286 2522 416 2559 ratam
447 2531 530 2557 esse
561 2518 702 2556 urbem
732 2518 833 2557 libro
866 2519 1035 2557 seeundo
1075 2519 1116 2556 in
1146 2518 1269 2569 Appii
1300 2518 1616 2568 expeditionibus
1650 2532 1754 2558 anno
1786 2522 1840 2558 76

288 2578 481 2628 susceptis
513 2577 760 2628 enarrandis,
798 2577 894 2627 quia
926 2578 975 2616 ad
1006 2577 1153 2616 Axium
1183 2578 1330 2616 flumen
1368 2577 1447 2616 sita
1483 2576 1653 2616 finitima
1687 2579 1774 2617 erat
1803 2580 1844 2617 et

289 2638 485 2677 Dardanis
517 2639 557 2675 et
587 2636 754 2687 Maedis3
791 2637 951 2686 utrique
990 2638 1125 2675 autem
1160 2637 1271 2688 genti
1308 2639 1506 2686 postremo
1543 2636 1701 2688 imperii
1739 2649 1842 2676 anno

288 2697 466 2747 Appium
496 2696 645 2735 bellum
676 2695 859 2734 intulisse
891 2696 1046 2735 seimus.
1452 2724 1455 2727 »
1637 2728 1642 2734 .
1671 2736 1675 2737 ⁷
1792 2714 1817 2726 f

411 2797 486 2842 37.
546 2797 638 2840 Vir
668 2798 839 2854 gravis
871 2801 919 2839 et
950 2799 1093 2840 nulla
1123 2802 1231 2840 arte
1263 2798 1495 2854 cuiquam
1526 2793 1770 2840 inferior(

409 2866 514 2936 App.
565 2891 611 2935 (ΙΙ
630 2895 675 2926 82
688 2890 732 2936 D,
759 2895 803 2926 86
817 2890 860 2935 K,
888 2894 931 2925 25
946 2890 989 2936 G,
1014 2891 1031 2925 Ι
1055 2902 1090 2936 p.
1112 2895 1191 2935 503,
1217 2891 1250 2925 Π
1274 2903 1309 2937 p.
1330 2894 1398 2927 454
1413 2890 1486 2936 Br.)
1513 2911 1555 2916 -
1582 2881 1687 2926 Arus.
1707 2901 1742 2936 p.
1763 2893 1843 2926 488.
