1976 3190
770 135 998 181 Fragmenta
1024 138 1174 171 26—33.
1706 133 1727 174 7
1737 133 1758 175 1

307 253 473 294 Comm.
526 249 599 326 εΑᾱ
629 248 827 300 proelium
851 248 1108 287 Lauronense
1139 247 1261 287 verba
1285 248 1483 314 pertinere
1510 248 1679 297 constat,
1711 247 1761 285 ef.

171 313 366 355 Itontin.
393 313 418 352 l.
444 312 489 351 l..
526 307 584 349 in
621 309 753 350 vicina
790 307 893 348 silva
929 309 1045 347 noete
1082 307 1308 357 praedictas
1343 307 1480 358 copias
1512 306 1763 346 abscondunt

187 373 259 426 ita,
283 374 332 412 ut
356 372 400 412 in
423 371 555 423 prima
573 370 679 409 leves
696 368 911 435 Hispanos,
938 366 1167 418 aptissimos
1194 367 1245 405 ad
1270 368 1381 406 furta
1406 367 1616 418 bellorum,
1641 378 1761 417 pone-

184 433 289 486 rent,
319 432 443 483 paulo
474 429 644 469 interius
675 429 866 479 scutatos,
897 427 938 466 in
969 426 1235 466 remotissimo
1268 423 1468 477 equites?

307 522 416 567 30⁸².
477 521 646 584 Atque
678 535 763 563 eos
794 534 819 561 a
849 521 998 575 tergo
1031 517 1314 560 incurrunt

305 616 413 662 App.
464 612 1000 661 (1n0.64D,30K,13G,11
1024 624 1058 658 p.
1084 615 1149 647 141
1165 611 1240 656 Br.)
1267 633 1311 637 -
1326 611 1524 647 Rufinian.
1553 612 1598 647 de
1625 611 1761 647 schem.

184 677 221 713 Ρ.
238 667 287 701 157
302 663 451 711 (Halm).
471 665 484 711 ΙΙ
502 662 713 709 incurrunt]
733 662 782 706 B,
807 660 1045 696 incurrerunt
1050 660 1343 724 vu19o‚scilicet
1361 660 1526 695 commoti
1549 670 1620 695 esse
1638 660 1762 695 viden-

185 717 248 751 tur
272 713 425 750 editores
447 711 680 759 yrammatici
703 709 1022 755 interpretatione.-
1050 706 1174 752 ‘quasi
1198 706 1239 741 in
1265 717 1328 742 eos
1354 706 1617 743 ineurrerunt’

304 788 472 829 Oomm.
523 786 691 827 Sertorii
719 786 874 837 equites
896 785 1024 825 dictos
1044 797 1127 824 esse
1148 784 1343 836 existimo,
1371 784 1453 835 qui,
1479 797 1571 823 eum
1595 784 1643 822 D.
1663 784 1762 823 Lae·

183 849 286 891 lium
316 861 410 889 eum
438 847 596 900 legione
629 846 831 886 emitteret
861 845 1096 896 Pompeius,
1128 841 1333 883 ‘subducti
1364 843 1406 882 in
1439 844 1623 883 dextrum
1654 844 1763 882 latus

182 909 298 952 velut
327 909 549 960 cesserunt,
587 906 728 946 deinde
760 905 972 946 circumita
1007 904 1165 957 legione
1202 905 1304 943 hanc
1335 915 1483 953 quoque
1514 916 1539 942 a
1571 906 1672 952 teryo
1703 905 1763 942 in-

182 964 452 1020 factaverunt&

303 1057 413 1104 31⁸.
486 1057 652 1102 Sehol.
695 1058 816 1101 Bob.
861 1057 921 1099 ad
965 1056 1060 1100 Cio.
1105 1072 1175 1112 pr.
1219 1055 1404 1098 Flaeeo
1449 1053 1510 1113 (p.
1544 1056 1632 1099 235
1655 1053 1764 1113 Or.):

183 1131 357 1189 ‘opinor
387 1130 442 1175 ad
471 1133 647 1186 tempus
678 1129 783 1172 belli
817 1128 1053 1172 Sertoriani
1086 1143 1177 1171 esse
1208 1127 1500 1184 referendum,
1537 1127 1654 1183 quod
1685 1127 1764 1170 ibi-

149 1250 155 1256 ,
182 1203 281 1267 dem
303 1203 477 1247 Laelius
503 1237 512 1245 .
527 1237 536 1245 .
551 1237 583 1245 ..
610 1203 661 1245 ab
681 1202 968 1245 Hirtuleianis
993 1202 1228 1256 interfectus
1258 1204 1326 1253 est,
1359 1203 1408 1242 ut
1434 1199 1495 1241 ait
1520 1198 1764 1257 Sallustius,

164 1277 351 1332 receptis
372 1275 584 1331 plerisque
613 1275 747 1330 siquis
777 1273 1032 1316 militaribus
1063 1287 1156 1316 cum
1186 1272 1308 1316 Laeli
1338 1271 1528 1326 corpore?

302 1370 410 1417 App.
461 1368 510 1416 (II
530 1372 574 1404 16
587 1368 632 1414 D,
659 1372 703 1403 23
717 1367 763 1412 K,
788 1367 805 1402 Ι
827 1371 894 1402 132
910 1365 968 1412 G.)

304 1453 414 1500 32³².
474 1454 541 1498 Et
576 1453 789 1497 Metello
828 1452 1011 1509 procul
1049 1454 1236 1509 agente
1273 1452 1428 1509 longa
1466 1466 1585 1508 spes
1623 1451 1763 1494 auxi-

181 1526 381 1571 liorum.

301 1620 409 1668 App.
454 1620 542 1666 (Ine.
563 1620 640 1666 3D,
660 1619 677 1655 Ι
697 1623 742 1655 24
752 1619 797 1664 K,
817 1621 862 1654 47
875 1617 918 1663 G,
944 1618 961 1652 Ι
980 1630 1015 1663 Ρ.
1038 1620 1106 1652 287
1117 1617 1193 1663 Br.)
1214 1639 1258 1643 —
1281 1617 1381 1653 Serv.
1404 1617 1454 1652 ad
1475 1616 1564 1652 Aen.
1586 1616 1637 1652 XI
1657 1620 1736 1652 544.
1752 1619 1763 1662 f}

180 1668 331 1718 procul]
354 1667 526 1716 pericula
552 1668 598 1704 F.

301 1745 469 1786 Comm.
525 1743 730 1784 Debrossii
756 1746 1060 1793 oeterorumque
1086 1742 1288 1782 editorum
1313 1742 1552 1794 opinionem,
1586 1742 1657 1792 qui
1683 1743 1762 1782 eol-

181 1808 268 1848 lato
298 1805 404 1858 App.
433 1805 471 1845 b.
497 1817 528 1844 e.
553 1804 574 1843 I
601 1806 655 1844 68
690 1804 741 1843 ad
773 1803 902 1843 civilis
935 1803 1032 1842 belli
1063 1802 1275 1842 historiam
1309 1802 1456 1841 referre
1491 1802 1763 1854 fragmentum

182 1866 427 1917 maluerunt,
465 1864 565 1904 satis
600 1864 798 1904 refutavit
833 1863 1010 1903 Dietseh.
1072 1862 1261 1902 Metellus
1296 1875 1388 1901 eum
1428 1862 1660 1902 nominatus
1699 1862 1763 1913 sit,

182 1926 231 1967 de
259 1925 368 1966 bello
400 1924 630 1965 Sertoriano
666 1923 734 1976 agi
764 1923 848 1963 veri
881 1922 1133 1962 simillimum
1164 1923 1242 1973 est,
1274 1921 1413 1972 itaque
1445 1922 1507 1960 illi
1540 1934 1640 1972 quos
1673 1934 1763 1972 spes

182 1985 427 2027 auxiliorum
469 1983 695 2036 deficiebat,
739 1983 816 2022 nisi
859 1983 944 2034 ipse
985 1982 1167 2033 Pompeii
1211 1981 1426 2034 exereitus,
1471 1983 1576 2021 certe
1620 1982 1763 2021 civitas

181 2046 408 2098 populusve
445 2046 517 2097 est,
556 2044 627 2095 qui
657 2044 932 2083 Romanorum
968 2043 1104 2093 partes
1142 2041 1422 2092 capessiverat.
1490 2041 1578 2080 Iam
1614 2042 1762 2080 intelli-

182 2108 303 2159 getur
332 2104 580 2145 simillimam
612 2105 654 2143 et
677 2103 799 2142 huius
824 2102 1042 2155 fragmenti
1068 2103 1109 2141 et
1133 2115 1267 2141 rerum
1291 2101 1613 2141 Lauronensium
1638 2101 1762 2140 fuisse

182 2165 467 2206 condicionem.
527 2163 690 2203 Etenim
720 2165 811 2202 tum
840 2162 1058 2213 Pompeius
1095 2163 1235 2202 eontra
1267 2161 1491 2202 Sertorium
1527 2175 1666 2214 pugna
1697 2161 1762 2200 de-

182 2227 336 2266 certare
360 2223 593 2276 prohibitus
619 2225 691 2276 est,
722 2235 828 2262 unus
858 2224 996 2262 autem
1019 2221 1347 2272 Lauronensibus
1372 2221 1645 2272 Romanisque
1672 2221 1762 2260 sub-

184 2287 272 2326 erat
307 2284 514 2324 Metellus:
553 2284 597 2322 at
632 2283 667 2322 is
704 2283 846 2334 procul
883 2283 1023 2322 aberat
1059 2282 1101 2320 in
1138 2281 1330 2321 ulteriore
1367 2281 1575 2332 provincia
1611 2281 1763 2321 bellum

182 2357 335 2398 gerens.
368 2366 424 2371 —
458 2343 590 2390 Quare
622 2343 673 2382 ad
703 2343 745 2382 id
775 2342 969 2393 temporis
999 2343 1249 2381 momentum
1285 2344 1464 2395 speetare
1495 2343 1595 2392 puto
1628 2341 1760 2393 verba,

183 2418 275 2446 eum
305 2405 584 2445 Lauronenses
615 2403 827 2454 desperata
857 2403 987 2443 salute
1020 2401 1197 2441 Sertorio
1230 2414 1271 2441 se
1303 2402 1509 2442 dederunt.

305 2494 383 2541 33.
445 2493 624 2551 copiis
655 2494 872 2552 integra.

303 2589 410 2637 App.
461 2589 509 2635 (Π
528 2591 573 2624 95
586 2588 631 2635 D,
658 2592 703 2624 99
717 2588 761 2635 Κ,
787 2591 833 2624 39
848 2587 891 2635 G,
916 2588 934 2624 I
957 2600 993 2635 p.
1015 2591 1084 2624 637
1099 2588 1174 2635 Br.)
1199 2609 1247 2615 —
1272 2588 1379 2625 Arus.
1406 2601 1441 2634 p.
1463 2591 1544 2624 480.

304 2665 473 2707 Gomm.
535 2666 659 2706 Terra
689 2666 754 2705 vel
778 2665 985 2716 provincia,
1015 2665 1176 2717 regiove
1208 2678 1300 2704 eum
1331 2665 1456 2715 copiis
1487 2665 1647 2716 integra
1677 2677 1761 2703 esse

184 2727 355 2778 dicatur,
386 2739 454 2766 eas
485 2739 588 2777 quae
621 2725 806 2765 adiacent
836 2725 1021 2765 concludi
1051 2725 1146 2765 lieet
1174 2726 1390 2764 exhaustas
1416 2726 1631 2775 vastasque
1664 2737 1760 2764 esse.

185 2787 414 2838 Utrumque
445 2799 539 2825 vero
571 2786 710 2824 eadere
742 2785 784 2823 in
816 2785 992 2824 Galliam
1021 2785 1288 2836 provinciam,
1327 2785 1367 2822 in
1401 2797 1524 2834 quam
1556 2784 1670 2822 annis
1706 2787 1758 2824 76

186 2849 228 2886 et
259 2847 314 2886 75
346 2845 534 2886 Metellus
565 2845 769 2884 hiemandi
800 2857 922 2884 eausa
951 2845 1156 2896 profectus
1195 2846 1255 2883 est
1287 2846 1327 2883 et
1360 2857 1462 2894 quae
1493 2844 1568 2883 hoe
1599 2843 1759 2883 biennio

186 2905 404 2948 exercitum
433 2905 519 2945 eius
545 2905 743 2957 stipendio
769 2905 1051 2956 frumentoque
1077 2905 1192 2957 aluit,
1218 2904 1335 2944 facile
1357 2904 1527 2956 quisque
1552 2904 1651 2943 mihi
1670 2917 1760 2944 eon-
