2034 3184
840 124 1039 171 Appendix
1065 124 1108 161 Π.
1674 120 1760 163 213

165 235 234 287 ᾖ”·.
254 251 468 283 :sermone
498 235 759 282 Sallustiano
791 233 1057 290 scripserunt
1088 234 1382 291 scribentque,
1415 247 1504 276 non
1534 232 1588 275 ad
1618 233 1761 275 fontes

370 308 446 352 sed
469 308 680 352 editiones
703 308 874 350 tantum
899 305 1094 348 evolvere
1120 305 1238 348 soliti
1263 308 1377 363 sunt,
1408 304 1594 348 editores
1624 303 1761 362 igitur

10 366 16 397 ³
88 367 364 439 ἕψοι-ὑπ
395 395 526 438 quam
556 377 873 424 accuratissime
909 377 1052 435 legem
1088 392 1136 420 ac
1167 377 1379 420 rationem
1416 376 1632 420 scribendi
1663 391 1760 419 con-

9 477 14 493 ,
117 438 159 485 ..⁵
182 447 379 500 ffituere.
428 451 540 496 Sane
564 450 712 495 absint
735 449 790 493 ab
816 449 898 493 hac
923 448 1097 505 quidem
1122 448 1322 506 editione,
1349 448 1464 504 quod
1489 448 1575 491 iam
1599 448 1760 506 monui,

184 525 337 571 ἅπαθε
367 523 420 567 de
451 537 646 568 sermone
670 521 931 567 Sallustiano
964 520 1253 577 quaestiones3
1283 535 1432 563 verum
1462 519 1579 562 aliud
1610 522 1676 563 est
1708 520 1759 563 de

6 604 11 665 Ξ
62 584 132 603 ᾖ
182 592 503 654 fflographia
544 594 805 640 Sallustiana
847 607 993 650 agere,
1042 592 1158 635 aliud
1207 592 1402 650 linguam
1450 591 1758 650 ingeniumque

183 667 413 725 &riptoris
436 682 665 725 exponere,
689 681 950 723 quamquam
973 679 1298 720 nonnumquam
1323 664 1377 706 ad
1401 665 1637 707 formarum
1660 679 1760 720 qua-

3 779 8 799 ,
73 726 135 790 ζ’
183 739 369 790 fundam
397 739 626 784 historiam
653 753 733 782 nos
765 736 1018 781 descendere
1049 739 1176 780 nemo
1209 735 1303 793 erit,
1334 736 1408 792 qui
1439 735 1631 778 miretur.

85 852 101 874 ,Δ
117 863 134 871 Ι,
301 811 452 869 Atque
481 811 649 869 priores
679 813 724 854 et
753 809 1034 853 historiarum
1071 811 1115 852 et
1147 808 1361 851 bellorum
1393 807 1579 850 editores
1611 822 1759 850 omnes

182 883 389 942 antiquae
411 883 683 940 rusticaeque
707 882 882 940 linguae
902 881 1090 938 speciem
1112 880 1317 924 Sallustio
1344 879 1570 937 dederunt3
1595 879 1760 922 scilicet

84 964 97 986 ⁵·
174 970 276 1003 mm
309 955 573 1000 archaismos
610 969 710 998 eum
747 968 918 1010 semper
955 952 1192 1009 appetiisse
1231 951 1316 995 sibi
1353 952 1586 1009 fingerent,
1623 951 1755 994 etiam

76 1022 112 1091 ²7⁵
174 1029 336 1076 &mas
362 1028 597 1072 verborum
621 1025 880 1070 vetustiores
906 1025 945 1068 ei
971 1024 1260 1082 assignarunt,
1293 1039 1378 1080 qua
1402 1023 1448 1066 in
1472 1039 1519 1067 re
1543 1023 1628 1066 nisi
1654 1039 1756 1066 sane

82 1094 126 1154 ,J
175 1103 280 1146 sunt
306 1099 416 1144 locis
443 1098 685 1154 nonnullis,
721 1098 799 1141 ubi
836 1097 881 1140 in
920 1096 1141 1140 codicibus
1172 1096 1439 1152 antiquiores
1476 1096 1639 1139 formae
1671 1110 1756 1139 ser-

70 1168 106 1233 ’ζρῗ
173 1175 298 1217 ntus
340 1186 434 1216 esse
477 1170 705 1228 putabant.
772 1169 919 1225 Atque
963 1168 1156 1212 omnium
1200 1167 1462 1224 scriptorum
1502 1167 1757 1212 memoriam

176 1242 439 1290 Graecorum
474 1242 814 1298 Latinorumque
852 1240 1065 1298 paulatim
1100 1240 1374 1283 immutatam
1412 1255 1523 1296 esse,
1566 1240 1757 1284 novicias

173 1317 337 1363 formas
363 1315 426 1365 ,in
467 1317 638 1358 textum
680 1313 923 1370 irrepsisse,
972 1313 1231 1355 vetustiores
1281 1326 1437 1368 easque
1487 1311 1756 1355 obscuriores

97 1411 108 1423 ·
173 1389 402 1434 renovatas
426 1402 519 1432 esse
545 1386 643 1444 quis
669 1388 747 1442 est,
772 1385 879 1442 quin
904 1384 1042 1428 sciat?
1078 1384 1232 1440 Neque
1258 1399 1339 1441 ego
1366 1383 1620 1428 Sallustium
1645 1385 1756 1428 hanc

175 1460 447 1507 mulorum
474 1458 719 1503 labentium
748 1457 837 1501 vim
863 1456 1066 1514 effugisse
1092 1471 1171 1512 per
1197 1471 1242 1499 se
1269 1456 1576 1512 contenderim,
1610 1472 1755 1513 quam-

54 1527 86 1592 ,ἶ
115 1583 117 1586 ,
172 1542 310 1592 >quam
340 1530 624 1578 historiarum
659 1532 808 1573 textus
845 1529 900 1572 ab
933 1527 1121 1571 Aemilio
1152 1527 1322 1584 Aspero
1360 1527 1501 1571 editus
1539 1530 1624 1586 est,
1662 1528 1754 1571 viro

58 1595 102 1647 ss
173 1604 407 1654 mmmriae
438 1618 539 1648 sane
570 1601 856 1646 tenacissimo.
918 1599 980 1644 At
1005 1599 1200 1644 Sallustii
1232 1599 1394 1642 formas
1419 1599 1550 1642 etiam
1581 1599 1627 1642 in
1659 1615 1754 1643 eon-

175 1676 358 1721 trarium
392 1675 554 1720 mutari
591 1674 787 1731 potuisse
824 1672 932 1716 mihi
973 1672 1180 1716 concedas
1218 1671 1365 1729 velim,
1408 1671 1534 1714 modo
1578 1675 1754 1728 reputes

51 1746 77 1806 J
153 1745 459 1795 Frontoniani
489 1746 583 1791 aevi
614 1746 731 1791 viros
768 1746 918 1789 doctos
955 1743 1230 1801 antiquitatis
1268 1743 1587 1786 amantissimos
1619 1743 1752 1786 Sallu-

174 1820 335 1879 stiique
353 1819 572 1864 studiosos
591 1834 652 1877 ea,
672 1833 782 1875 quae
795 1817 986 1875 vulgatis
1004 1816 1156 1860 formis
1181 1816 1227 1859 in
1246 1831 1296 1858 eo
1317 1815 1479 1872 scripta
1498 1815 1752 1872 invenirent,

173 1892 412 1938 vetustiora
446 1891 624 1936 reddere
661 1890 883 1947 maluisse,
927 1889 1074 1932 eadem
1112 1888 1277 1932 scilicet
1314 1903 1368 1931 ex
1405 1887 1628 1944 opinione,
1667 1903 1754 1944 qua

173 1967 390 2010 nostrates
420 1963 626 2008 commoti
658 1962 845 2006 editores
875 1961 1103 2005 Plautinae
1137 1960 1365 2004 Catonisve
1402 1959 1557 2003 aetatis
1591 1960 1752 2004 formas

175 2036 383 2083 Sallustio
411 2036 696 2080 vindicarunt.

293 2108 342 2154 Si
371 2108 508 2168 igitur
543 2107 614 2151 his
651 2108 703 2150 de
740 2107 871 2150 rebus
909 2121 1046 2162 pauca
1082 2105 1211 2148 nobis
1240 2104 1480 2148 accuratius
1506 2103 1752 2148 disserenda

175 2183 279 2227 sunt
312 2204 363 2214 -—
397 2183 442 2224 et
478 2180 530 2223 de
561 2179 755 2223 historiis
786 2181 957 2221 tantum
991 2192 1107 2221 nunc
1138 2177 1313 2234 quidem
1349 2179 1523 2219 acturus
1554 2190 1651 2219 sum
1686 2202 1752 2233 —-,

174 2255 350 2312 praesto
369 2245 472 2297 sunt
489 2252 679 2309 primum
698 2250 1020 2307 Aurelianense,
1038 2249 1328 2306 Berolinense,
1341 2248 1600 2292 Vaticanum
1619 2247 1751 2291 histo-

173 2325 336 2370 riarum
372 2321 669 2383 fragmenta*)
709 2338 763 2366 ex
800 2322 950 2366 eodem
986 2321 1182 2366 Sallustii
1220 2321 1364 2365 codice
1401 2320 1598 2376 oriunda,
1641 2335 1750 2376 quae

174 2397 371 2456 quamvis
402 2399 556 2454 quarto
583 2395 788 2453 quintove
814 2394 984 2438 saeculo
1017 2393 1179 2451 scripta
1210 2393 1310 2450 sint,
1341 2392 1590 2436 memoriam
1620 2392 1750 2435 etiam

174 2470 314 2514 multo
350 2468 633 2513 vetustiorem
664 2467 893 2524 praebent,
931 2465 1030 2509 dein
1067 2466 1201 2509 codex
1231 2465 1468 2509 Vaticanus
1500 2464 1629 2520 3864,
1664 2479 1748 2520 quo

175 2542 392 2587 orationes
411 2540 708 2598 epistulaeque
735 2554 787 2582 ex
806 2538 1001 2582 historiis
1021 2541 1248 2594 excerptae
1269 2537 1560 2593 eontinentur3
1586 2536 1750 2579 accedit

173 2613 396 2659 Parisinus
422 2613 522 2671 500,
553 2611 745 2669 optimus
771 2626 919 2654 eorum
942 2610 1066 2668 liber,
1100 2610 1174 2667 qui
1201 2609 1500 2653 catilinarium
1526 2624 1574 2651 ac
1598 2607 1748 2666 Iugur-

174 2686 347 2730 thinum
396 2684 626 2742 praebent,
676 2683 758 2726 etsi
804 2683 919 2726 hunc
969 2682 1273 2740 grammaticae
1322 2680 1567 2724 traditionis
1616 2680 1747 2736 paulo

174 2746 430 2816 posterioris
484 2758 662 2813 testem*
692 2770 784 2798 esse
834 2754 1130 2811 diversamque
1185 2754 1240 2796 ab
1297 2752 1492 2796 historiis
1541 2752 1747 2796 exhibere

295 2864 326 2910 ⁸)
351 2864 406 2899 De
432 2861 622 2898 scribendi
645 2861 793 2897 ratione
818 2860 878 2896 his
902 2860 1125 2908 fragmentis
1151 2860 1327 2896 adhibita
1352 2859 1432 2906 egit
1455 2870 1575 2905 nuper
1592 2858 1746 2905 Hauler‚

173 2913 268 2951 stud.
289 2912 491 2950 Vindobon.
511 2911 579 2947 IX
597 2922 634 2957 p.
655 2913 715 2947 36.
