1976 3190
786 160 1054 206 Fragmentum
1079 163 1134 196 55.
1691 159 1749 202 25

175 268 340 326 patrias
377 269 499 312 sedes
536 284 798 326 occupavere
835 269 961 336 pauqi
1000 269 1209 311 satellites
1247 270 1485 312 mercedem
1523 269 1749 326 scelerum3

173 340 306 398 leges,
337 340 505 398 iudicia,
537 341 759 395 aerarium,
790 340 1049 396 provinciae,
1080 355 1204 397 reges
1231 355 1363 396 penes
1387 356 1534 398 unum,
1566 340 1750 396 denique
1773 354 1814 384 13

172 411 291 456 necis
322 411 480 456 civium
512 415 556 456 et
586 412 700 455 vitae
730 411 916 454 licentia.
972 410 1110 454 Simu]
1141 412 1350 454 humanas
1382 412 1548 455 hostias
1579 413 1748 456 vidistis
1772 425 1814 456 14

175 486 220 527 et
250 483 448 540 sepulcra
485 484 645 527 infecta
681 482 890 540 sanguine
929 482 1057 526 civili.
1123 483 1258 526 Estne
1296 483 1400 526 viris
1438 484 1595 540 reliqui
1634 484 1749 527 aliud
1773 496 1814 528 15

175 569 305 612 quam
324 555 490 598 solvere
515 554 718 598 iniuriam
742 556 817 597 aut
843 554 953 597 mori
979 569 1058 610 per
1081 554 1317 597 virtutem?
1351 556 1556 610 quoniam
1577 557 1750 612 quidem

175 637 310 670 unum
348 627 552 670 omnibus
591 627 721 669 finem
757 628 911 668 natura
951 626 1019 669 vel
1059 627 1173 669 ferro
1215 626 1377 682 saeptis
1418 627 1572 670 statuit
1609 643 1749 684 neque

176 698 407 755 quisquam
439 701 674 742 extremam
705 698 1007 741 necessitatem
1037 697 1147 740 nihil
1179 713 1309 741 ausus
1339 698 1423 741 nisi
1454 699 1657 742 muliebri
1690 700 1749 742 in—

173 769 304 828 genio
336 772 550 826 expectat.

292 841 456 886 Verum
481 856 563 900 ego
589 841 830 898 seditiosus,
859 841 926 884 uti
952 840 1071 884 Sulla
1097 841 1170 896 ait,
1202 841 1276 897 qui
1302 842 1495 897 praemia
1520 843 1749 885 turbarum
1771 855 1814 887 1ss

174 928 342 972 queror,
372 916 417 956 et
448 913 612 957 bellum
637 913 827 971 cupiens,
859 913 934 969 qui
959 913 1054 956 iura
1086 913 1205 969 pacis
1236 917 1399 969 repeto.
1450 913 1623 957 Scilicet
1649 915 1750 970 quia
1774 928 1814 959 17

171 999 262 1029 non
296 984 423 1028 aliter
463 985 570 1028 salvi
611 984 804 1040 satisque
842 984 928 1027 tuti
972 985 1017 1028 in
1054 985 1237 1040 imperio
1277 985 1415 1042 eritis,
1452 986 1536 1029 nisi
1574 986 1749 1030 Vettius

172 1055 327 1100 Picens
358 1058 402 1099 et
433 1055 575 1099 scriba
601 1055 825 1099 Cornelius
857 1056 995 1099 aliena
1027 1056 1137 1099 bene
1164 1059 1315 1112 parata
1339 1058 1633 1116 prodegerint‚
1664 1059 1749 1101 nisi

173 1127 469 1184 approbaritis
495 1142 643 1171 omnes
668 1127 1033 1183 proscriptionem
1058 1127 1333 1170 innoxiorum
1360 1128 1416 1171 ob
1444 1129 1627 1185 divitias,
1659 1145 1749 1172 cru-

173 1199 311 1243 ciatus
335 1199 526 1242 virorum
549 1199 800 1257 illustrium,
830 1202 996 1242 vastam
1020 1199 1174 1242 urbem
1199 1199 1304 1257 fuga
1331 1203 1374 1242 et
1393 1200 1608 1257 caedibus,
1635 1201 1750 1244 bona

173 1270 332 1315 civium
362 1271 618 1314 miserorum
650 1271 772 1327 quasi
805 1270 1067 1314 Cimbricam
1098 1271 1302 1327 praedam
1339 1287 1497 1314 venum
1528 1276 1604 1315 aut
1636 1273 1747 1316 dono

172 1342 328 1387 datam.
383 1342 445 1386 At
476 1342 667 1386 obiectat
698 1343 805 1386 mihi
831 1342 1126 1399 possessiones
1152 1358 1205 1385 ex
1232 1343 1359 1386 bonis
1385 1344 1747 1400 proscriptorum:
1771 1358 1813 1390 18

174 1415 290 1472 quod
320 1414 494 1471 quidem
524 1414 734 1458 scelerum
764 1414 882 1458 illius
913 1415 982 1457 vel
1013 1414 1250 1457 maximum
1282 1418 1360 1471 est,
1390 1431 1478 1458 non
1510 1432 1578 1459 me
1609 1432 1749 1473 neque

173 1501 433 1543 quemquam
453 1486 646 1530 omnium
665 1486 770 1529 satis
789 1489 934 1529 tutum
954 1486 1099 1544 fuisse,
1118 1487 1154 1530 si
1174 1489 1290 1529 recte
1310 1488 1559 1530 faceremus.
1603 1487 1749 1544 Atque

173 1557 260 1616 illa,
292 1573 403 1614 quae
433 1561 527 1600 tum
558 1558 786 1601 formidine
817 1561 1031 1601 mercatus
1064 1574 1159 1601 sum
1191 1559 1346 1616 pretio,
1380 1559 1522 1602 soluto
1555 1560 1647 1602 iure
1680 1560 1748 1603 do-

171 1629 302 1672 minis
326 1627 472 1672 13111611
496 1629 692 1687 restituo,
715 1645 855 1686 neque
881 1630 974 1686 pati
1001 1630 1228 1673 consilium
1255 1634 1320 1673 est
1345 1631 1479 1674 ullam
1505 1646 1558 1674 ex
1581 1631 1749 1674 civibus

172 1701 377 1758 praedam
407 1716 510 1745 esse.
572 1701 685 1745 Satis
716 1702 791 1744 illa
822 1702 1001 1759 fuerint,
1044 1717 1154 1758 quae
1170 1702 1306 1746 «ahie
1345 1706 1565 1746 contracta
1596 1704 1749 1746 tolera·
1773 1718 1813 1748 19

171 1772 324 1829 vimus,
357 1787 510 1816 manus
541 1774 805 1817 conserentis
836 1773 950 1816 inter
982 1789 1027 1816 se
1059 1774 1277 1817 Romanos
1310 1775 1524 1818 exercitus
1557 1778 1600 1818 et
1631 1791 1749 1818 arma

172 1844 229 1887 ab
267 1844 458 1888 externis
494 1845 540 1888 in
575 1848 746 1889 nosmet
782 1860 923 1903 versa,
962 1845 1134 1889 sceleris
1172 1848 1216 1889 et
1253 1847 1612 1890 contumeliarum
1650 1847 1748 1890 finis

292 2027 349 2061 1⁷.
373 2024 526 2072 parata]
551 2023 597 2069 V,
622 2025 735 2070 parta
759 2036 805 2060 ea·
833 2024 962 2061 Orellii
986 2025 1196 2061 coniectura
1221 2025 1343 2070 Kritz,
1368 2025 1531 2070 Dietseh,
1555 2026 1699 2062 Jacobs.

293 2074 348 2108 18.
375 2071 506 2118 atque]
538 2071 646 2117 atqui
676 2073 770 2108 coni.
801 2073 949 2108 Jordan
978 2075 1097 2108 antea.
1129 2094 1177 2098 —
1207 2073 1258 2108 In
1287 2074 1405 2109 verbis
1441 2075 1629 2109 mercatus
1667 2086 1749 2109 sum

172 2118 295 2166 pretio
321 2119 445 2156 soluto
470 2119 551 2155 iure
584 2119 745 2155 dominis
771 2121 899 2155 tamen
924 2119 1084 2156 restituo
1115 2122 1346 2166 explicandis
1370 2133 1587 2168 magnopere
1612 2123 1748 2158 dissen-

172 2171 299 2204 semmt
321 2168 485 2204 editores.
535 2167 592 2204 Ae
617 2169 807 2214 quaeritur
830 2167 953 2214 pretio
981 2167 1104 2203 soluto
1130 2181 1181 2204 am
1202 2168 1325 2204 soluto
1348 2168 1428 2204 iure
1454 2171 1750 2216 coniwnyendwm

170 2216 238 2260 sit,
268 2215 356 2252 dem
378 2215 429 2252 ad
453 2216 674 2261 praecedens
704 2217 939 2262 insequensne
968 2217 1116 2253 verbum
1145 2217 1232 2253 haee
1262 2218 1337 2252 sint
1366 2218 1568 2261 referenda.
1619 2219 1749 2264 Itaque

174 2262 343 2308 Gerlach,
369 2263 491 2309 Kritz,
515 2263 649 2300 Jacobs
666 2264 763 2300 inter
787 2263 910 2309 pretio
936 2276 980 2300 ae
1002 2263 1126 2300 soluto
1146 2263 1226 2300 iure
1246 2266 1567 2310 interpvmoeerunt,
1592 2266 1651 2301 illi
1670 2267 1747 2312 qui-

171 2311 253 2348 dem
275 2311 327 2347 ad
349 2311 562 2356 formidinis
585 2312 765 2348 rationem
783 2313 1036 2358 eaeponendam
1060 2316 1253 2358 utrumque
1272 2314 1410 2348 dietum
1435 2324 1517 2357 esse,
1542 2314 1601 2349 hie
1626 2315 1749 2350 eadem

170 2370 254 2396 cum
276 2359 383 2396 verbo
407 2358 567 2394 restituo
592 2360 850 2406 coniwnyenda
874 2361 1050 2396 arbitrati
1055 2374 1069 2404 ;
1100 2365 1228 2397 eontra
1253 2359 1375 2406 pretio
1402 2360 1526 2396 soluto
1549 2363 1749 2406 composuit

175 2406 288 2443 Corte.
333 2406 528 2444 Praeterea
545 2408 793 2446 coniecerunt:
811 2407 934 2453 pretio
956 2407 1091 2453 soluto,
1111 2407 1191 2443 iure
1212 2410 1341 2444 tamen
1361 2409 1511 2453 Linker,
1536 2409 1659 2455 pretio
1680 2409 1746 2445 sol.

172 2453 253 2490 iure
285 2453 457 2490 dominus
489 2455 658 2499 Dietseh,
691 2467 746 2501 pr.
781 2455 846 2492 sol.
879 2455 1042 2504 (salvo)
1076 2455 1156 2491 iure
1195 2457 1448 2503 Unyermann,
1481 2457 1604 2502 pretio
1630 2469 1749 2493 vocem

170 2502 317 2539 seclusit
340 2502 496 2539 Jordan.
523 2524 570 2529 ——
596 2502 652 2539 Ac
672 2504 836 2549 primum
861 2505 1106 2540 contenderim
1132 2503 1255 2540 soluto
1282 2504 1362 2540 iure
1388 2506 1569 2541 artissime
1594 2506 1746 2541 coniun—

170 2550 327 2597 9endum
347 2561 431 2595 esse,
456 2552 630 2596 quoniam
652 2550 733 2586 iure
751 2553 848 2588 nude
867 2553 1087 2598 appositum,
1112 2553 1186 2588 sive
1205 2553 1255 2588 ad
1279 2554 1467 2588 mercatus
1494 2565 1576 2587 sum
1601 2554 1673 2589 sive
1699 2553 1749 2588 ad

171 2596 331 2634 restituo
355 2599 411 2634 vel
436 2597 598 2634 dominis
623 2600 816 2644 rettuleris,
847 2604 914 2636 aut
943 2601 1130 2636 molestum
1160 2605 1227 2636 aut
1249 2601 1387 2645 falsum
1412 2602 1497 2645 erit,
1530 2602 1637 2646 idque
1663 2602 1748 2636 bene

171 2645 247 2682 iam
271 2647 440 2692 exposuit
465 2646 585 2683 Kritz.
636 2647 782 2684 Deinde
808 2658 926 2684 vocem
951 2647 1075 2684 soluto
1101 2647 1182 2683 iure
1213 2659 1290 2684 non
1320 2649 1370 2684 ad
1396 2659 1612 2695 prae-cyrena
1632 2650 1747 2693 perti-

171 2704 268 2738 nere,
297 2704 422 2730 verum
452 2695 502 2730 ad
532 2695 762 2741 insequentia
791 2696 924 2743 referri
947 2697 1052 2732 iubeo
1059 2710 1073 2740 ‚·
1108 2696 1239 2732 etenim
1268 2697 1388 2741 falsus
1418 2698 1632 2741 ineptusque
1663 2701 1751 2733 esset

116 2755 119 2761 ¹
173 2740 356 2787 Lepidus,
386 2742 420 2778 si
449 2753 493 2778 ea
523 2754 616 2788 quae
640 2744 803 2788 peewnia
833 2744 923 2780 data
954 2745 1154 2789 empsisset,
1188 2745 1266 2780 sine
1297 2745 1377 2780 iure
1405 2757 1429 2779 a
1460 2756 1495 2779 se
1526 2748 1647 2789 empta
1678 2755 1750 2780 esse

172 2789 323 2826 dixisset
347 2794 415 2825 aut
437 2790 472 2825 si
493 2791 612 2826 verbis
635 2791 712 2826 illis
736 2791 796 2827 ius
820 2792 924 2828 civile
950 2791 1056 2828 Sulla
1080 2796 1255 2839 reynante
1280 2792 1514 2827 imminutum
1539 2803 1611 2827 esse
1634 2793 1748 2839 siyni-

171 2836 282 2881 ficare
305 2837 484 2874 volwisset.
536 2838 607 2874 Sed
631 2850 723 2884 quae
753 2838 876 2884 pretio
907 2841 1095 2875 mercatus
1127 2841 1185 2875 est
1216 2851 1376 2885 quaeque
1407 2840 1540 2875 abhinc
1570 2840 1650 2876 iure
1681 2851 1750 2876 sua

171 2889 276 2929 sumt,
306 2896 350 2921 ea
381 2884 504 2920 soluto
535 2891 660 2931 sponte
690 2887 755 2923 hoc
780 2889 996 2932 possessoris
1026 2887 1106 2924 iure
1134 2886 1295 2923 dominis
1322 2888 1386 2934 qui
1410 2892 1520 2924 antea
1544 2888 1750 2925 habuerant

168 2933 426 2970 restituturum
449 2945 485 2970 se
509 2945 581 2971 esse
600 2935 806 2981 pollicetur.
