1916 3178
873 189 1130 231 -6-

225 294 422 336 dicuntur
447 293 722 336 Berolinense
749 295 791 335 et
815 291 1109 350 Vaticanum),
1139 294 1296 350 partim
1320 294 1562 349 nuperrime
1589 309 1611 336 e
1636 295 1779 339 codice

223 363 518 405 Aurelianensi
558 377 756 404 excussae
794 366 894 405 sunt
932 364 1140 419 nobisque
1182 365 1315 406 totius
1356 364 1496 420 operis
1532 363 1779 411 Sallustiani

225 434 485 489 reciperandi
518 447 721 490 magnum
753 437 977 476 moverunt
1009 435 1274 477 desiderium.

342 503 423 546 Sed
454 506 681 559 antequam
712 504 765 545 ad
796 504 1154 548 restituendarum
1179 506 1455 548 historiarum
1481 507 1780 564 aggrediamur

224 578 440 630 conatum,
481 574 903 630 circumspiciendum
942 578 1023 631 est,
1064 579 1107 618 et
1147 577 1249 632 quid
1286 577 1422 619 adhuc
1458 577 1539 619 viri
1576 577 1691 621 docti
1727 578 1778 622 de

225 647 277 687 iis
307 645 600 701 praestiterint
631 648 673 687 et
705 645 806 700 quid
837 646 962 688 nobis
992 646 1189 691 relictum
1221 647 1277 690 sit
1308 651 1355 690 ut
1386 648 1603 690 faciamus.

341 716 510 758 Primus
548 715 739 758 Sallustii
775 716 1052 758 historiarum
1089 717 1290 773 reliquias
1328 718 1503 775 collegit
1539 718 1779 762 Ludovious

223 787 368 829 Carrio
404 787 534 842 15743
575 786 724 828 deinde
757 786 802 828 G.
831 785 1001 844 Corte¹)
1037 790 1149 831 1724
1185 789 1348 843 primus
1387 805 1456 832 eas
1494 789 1641 832 ordine
1678 804 1779 846 quo—

222 858 318 899 dam
356 857 560 899 historico
599 856 818 912 disposuit.
879 857 1047 900 Novam
1085 859 1374 915 optimamque
1411 860 1464 902 ad
1494 860 1779 904 restituendas

221 928 422 970 historias
448 928 560 969 viam
587 928 804 984 ingressus
831 931 895 970 est
921 929 971 970 de
990 927 1249 986 Brossius2)‚
1282 930 1354 986 qui
1381 946 1464 986 quo
1491 934 1582 974 erat
1606 931 1779 988 ingenio

223 998 582 1054 splendidissimo,
630 1013 717 1040 non
759 999 999 1055 fragmenta
1047 1002 1215 1042 tantum
1259 1000 1449 1044 Sallustii
1495 1002 1568 1045 sed
1611 1017 1780 1046 omnem

222 1069 461 1124 materiem,
502 1084 608 1124 quae
646 1069 839 1111 historiis
877 1073 1048 1112 narrata
1086 1074 1192 1126 erat,
1234 1072 1435 1128 colligere
1472 1088 1520 1115 ac
1557 1073 1779 1129 disponere

223 1140 481 1182 intermixtis
513 1139 705 1182 Sallustii
746 1155 852 1195 quae
895 1143 1061 1183 servata
1102 1145 1201 1184 sunt
1241 1143 1382 1185 verbis
1423 1143 1505 1186 sibi
1544 1144 1778 1200 proposuit.

222 1210 425 1253 Attamen
451 1211 674 1253 consilium
701 1211 859 1266 optime
892 1212 1181 1268 excogitatum
1213 1213 1385 1269 exsequi
1415 1214 1592 1271 nequiit,
1623 1215 1779 1272 quippe

222 1281 295 1336 qui
321 1284 411 1323 arte
437 1281 583 1323 critica
609 1281 914 1338 diligentiaque
939 1282 1199 1340 philologica
1223 1284 1348 1339 plane
1373 1288 1546 1328 careret.
1595 1285 1780 1328 Tantum

222 1367 321 1394 vero
353 1352 487 1394 valuit
519 1352 680 1408 ingenii
705 1352 1014 1409 Francogallici
1046 1354 1128 1410 vis,
1160 1357 1207 1396 ut
1232 1355 1305 1410 qui
1330 1358 1480 1410 postea
1504 1356 1780 1400 historiarum

222 1423 461 1478 fragmenta
493 1422 641 1477 edidit,
672 1422 740 1464 Fr.
772 1423 1016 1465 Dorotheus
1049 1423 1228 1466 Gerlach
1264 1428 1432 1480 praeter
1465 1426 1658 1470 Gortium
1693 1428 1779 1484 ple-

221 1507 399 1548 rumque
433 1493 482 1534 de
508 1493 729 1535 Brossium
761 1493 817 1534 sit
843 1496 1030 1549 secutus,
1060 1509 1194 1549 pauca
1225 1499 1368 1538 autem
1399 1511 1506 1552 quae
1531 1498 1623 1554 ipse
1654 1513 1677 1540 e
1703 1513 1779 1542 suo

222 1564 383 1605 addidit
414 1564 573 1605 nullius
611 1564 698 1605 fere
730 1564 903 1607 fuerunt
935 1565 1110 1607 fructus.
1172 1565 1320 1622 Itaque
1345 1567 1585 1611 Fridericus
1615 1567 1781 1626 Kritz³)

221 1634 383 1675 Brossii
416 1634 580 1676 ratione
612 1635 735 1689 plane
768 1635 933 1677 abiecta
971 1638 1069 1678 ante
1102 1637 1244 1678 omnia
1275 1637 1318 1679 id
1350 1638 1533 1694 studuit,
1573 1641 1621 1680 ut
1652 1653 1780 1694 quam

223 1705 537 1747 accuratissime
570 1705 739 1762 singula
769 1707 1010 1762 fragmenta
1036 1707 1283 1764 explicaret,
1316 1709 1576 1765 emendaret,
1608 1709 1662 1751 ad
1690 1724 1781 1752 rem

223 1779 381 1819 certam
419 1776 613 1832 referret,
657 1777 805 1819 deinde
850 1780 898 1819 ut
936 1778 1082 1820 o'rdine
1127 1794 1203 1820 suo
1249 1794 1297 1821 ea
1334 1780 1588 1835 disponeret.
1659 1779 1781 1831 Quod

222 1847 490 1903 propositum
522 1847 582 1889 ita
614 1848 701 1890 fere
733 1850 950 1890 assecutus
983 1844 1064 1904 est,
1102 1851 1150 1890 ut
1181 1851 1224 1890 et
1255 1849 1300 1891 in
1330 1850 1458 1892 rebus
1490 1853 1533 1892 et
1563 1850 1609 1892 in
1638 1850 1781 1893 verbis

224 1917 533 1960 constituendis
570 1933 703 1973 pauca
741 1918 990 1975 corrigenda
1029 1919 1094 1960 vel
1139 1919 1329 1961 addenda
1367 1920 1637 1976 relinqueret.
1699 1921 1781 1972 Qui

223 1991 439 2044 postremo
464 1989 666 2031 historias
692 1989 835 2045 edidit,
860 1990 1113 2045 Rudolphus
1138 1989 1377 2048 Dietsch4),
1406 1991 1561 2034 Kritzii
1586 1994 1781 2048 sectator,

226 2060 305 2101 etsi
346 2075 433 2101 non
474 2059 563 2101 sine
603 2060 744 2102 fructu
786 2060 928 2116 aliquo
970 2061 1022 2102 ad
1053 2060 1302 2104 Sallustium
1340 2062 1565 2105 accessisse
1602 2063 1781 2119 videtur,

226 2133 369 2172 tamen
412 2145 568 2187 magno
611 2131 711 2173 huic
754 2131 919 2173 muneri
960 2131 1134 2174 minime
1175 2135 1265 2174 erat
1304 2148 1392 2188 par.
1461 2133 1688 2176 Praeterea
1728 2134 1779 2176 de

224 2201 500 2243 historiarum
532 2202 724 2257 reliquiis
756 2201 914 2257 optime
953 2202 1094 2246 meriti
1126 2206 1226 2245 sunt
1255 2203 1524 2262 Kreyssig5),
1563 2204 1636 2260 qui
1666 2205 1778 2261 frag·

325 2333 356 2375 1)
381 2330 435 2365 Ex
447 2330 663 2365 recensione
679 2329 795 2365 Cortii
809 2329 958 2375 saepius
972 2330 1182 2376 fragmenta
1195 2331 1413 2377 edebantur,
1435 2331 1534 2368 sicut
1546 2343 1570 2368 a
1582 2332 1778 2369 Paschalio

229 2393 331 2433 1737,
356 2388 595 2434 Haverkamp
623 2391 725 2432 1742,
751 2387 878 2423 Foulis
906 2392 1007 2433 1749,
1036 2393 1125 2426 1777
1137 2390 1160 2433 ⁹,
1186 2389 1282 2426 aliis.

320 2449 356 2494 2)
383 2447 535 2484 Charles
561 2448 607 2482 de
631 2447 801 2492 Brosses,
830 2447 1013 2492 „histoire
1040 2448 1086 2484 de
1111 2448 1149 2484 la
1173 2449 1393 2495 republique
1418 2450 1600 2487 Romaine
1625 2450 1718 2487 dans
1742 2451 1778 2487 le

226 2519 332 2542 cours
358 2507 404 2542 de
428 2507 519 2542 Vlle
545 2506 657 2542 siecle
682 2518 750 2552 par
776 2506 965 2542 Salluste“
995 2511 1096 2552 1777,
1129 2519 1238 2552 quem
1264 2507 1401 2544 librum
1425 2509 1627 2546 Teutonice
1646 2500 1780 2547 vedidit

229 2566 399 2601 Schh‘iter
428 2565 588 2609 1810l21.

321 2626 358 2670 3)
381 2623 494 2668 Kritz,
521 2624 598 2670 „de
618 2624 656 2660 C.
672 2624 826 2660 Sallusti
846 2624 966 2671 Crispi
985 2625 1206 2671 fragmentis
1227 2637 1249 2661 a
1268 2627 1305 2663 O.
1326 2626 1525 2663 Debrossio
1550 2626 1591 2662 in
1609 2627 1777 2664 ordinem

227 2683 384 2728 digestis
411 2694 606 2728 rerumque
632 2685 822 2729 gestarum
849 2685 1023 2720 contexta
1047 2686 1260 2721 narratione
1285 2685 1512 2721 illustratis“
1541 2690 1641 2724 1829.
1667 2687 1776 2732 „Sal-

226 2741 316 2776 lusti
342 2745 483 2787 opera“
510 2742 581 2778 vol.
602 2743 665 2788 ΙΙΙ,
688 2747 788 2780 1853.
816 2747 906 2779 1856
918 2744 941 2778 ².
1176 2786 1179 2788 q

322 2803 358 2847 4)
382 2802 426 2837 a.
451 2802 621 2847 matach,
647 2801 834 2847 „Sallusti
860 2813 955 2847 quae
982 2805 1208 2848 supersunw
1233 2805 1305 2840 vol.
1326 2804 1371 2849 11,
1392 2807 1494 2840 1859.

323 2862 359 2905 5)
386 2861 686 2905 „Commentatio
712 2861 758 2897 de
779 2861 934 2897 Sallusti
958 2861 1046 2898 libri
1063 2862 1114 2897 III
1139 2862 1389 2908 fragmentis“
1417 2867 1506 2899 1835
1518 2863 1541 2899 ².
1574 2862 1778 2908 „Epistula

233 2919 281 2954 ad
306 2920 364 2955 Fr.
391 2919 574 2955 Kritzium
600 2919 646 2955 de
672 2919 828 2955 Sallusti
851 2919 939 2956 hist.
965 2920 1029 2956 lib.
1049 2920 1083 2955 II
1107 2921 1304 2966 reliquiis“
1332 2925 1433 2958 1852.
