2034 3184
367 176 452 217 230
1001 171 1198 216 Appendix
1222 171 1282 206 ΙΙΙ.

366 282 580 338 Lucullus,
605 284 653 322 ut
673 280 711 322 ei
731 279 986 335 succederet,
1011 279 1131 321 brevi
1149 278 1377 335 impetrare
1397 278 1558 335 potuit;
1582 293 1721 335 neque
1739 280 1924 324 multum

366 351 573 407 temporis
598 350 739 393 itineri
768 350 812 392 in
832 349 982 392 Asiam
999 349 1181 396 navibus
1206 350 1323 392 facto*
1341 349 1663 393 attribuendum
1688 353 1764 394 est.
1811 350 1923 395 Dein

335 467 339 470 ,
366 439 443 479 per
472 422 709 478 Phrygiam
740 422 940 463 adversus
972 420 1253 477 Chalcedona,
1290 424 1440 476 postea
1473 420 1674 476 Cyzicum
1704 421 1923 477 profectus

366 497 442 551 est,
475 493 589 549 quod
620 492 768 534 eodem
800 491 928 534 etiam
959 506 1070 534 anno
1100 492 1192 534 fieri
1224 492 1415 547 potuisse
1446 492 1639 547 quamvis
1670 492 1922 548 ‘praefracte

365 563 570 621 negante’
603 563 757 620 Jfirgio
790 562 1057 619 crediderim,
1094 577 1278 618 namque
1315 563 1542 605 Lucullum
1578 563 1715 606 multo
1753 563 1923 607 demum

365 638 570 678 autumno
591 634 644 676 ad
664 633 863 689 Cyzicum
888 633 1132 688 pervenisse
1159 632 1327 690 scimus,
1359 633 1483 689 quod,
1512 633 1548 675 si
1573 649 1712 677 meam
1735 633 1926 691 sequeris

365 706 573 762 temporis
593 704 814 760 rationem,
840 705 940 759 apte
960 703 1212 758 expeditur:
1230 703 1295 745 sin
1313 719 1398 745 una
1423 719 1520 746 cum
1540 703 1666 747 Cotta
1689 705 1758 747 vel
1781 705 1926 761 potius

366 781 464 820 ante
498 776 669 819 Cottam
705 775 751 817 in
780 774 929 817 Asiam
965 773 1061 830 ivit,
1098 789 1182 829 qua
1218 789 1344 817 causa
1381 777 1470 817 tam
1507 790 1601 818 sero
1641 774 1791 819 Cottae
1828 790 1926 819 eum

367 849 551 891 adfuisse
583 846 815 903 putamus?

484 918 665 960 Duabus
690 916 906 959 hiemibus
932 915 1176 958 obsidiones
1203 914 1343 971 Cyzici
1371 919 1413 958 et
1431 916 1570 960 Amisi
1597 917 1806 961 contineri
1831 932 1926 961 con-

365 989 568 1045 sentiunt,
600 992 643 1030 at
674 1002 935 1044 magnopere
962 987 1220 1028 dissentiunt
1244 986 1325 1029 viri
1357 988 1471 1030 docti
1497 989 1547 1030 de
1571 989 1701 1032 rebus
1727 988 1926 1032 cabiren-

365 1061 485 1103 sibus
516 1075 564 1101 ac
596 1060 645 1101 de
671 1058 925 1115 Phlegontis
955 1059 1034 1100 hac
1066 1058 1117 1099 de
1148 1073 1193 1099 re
1225 1058 1484 1104 testimonio.
1541 1058 1685 1115 Atque
1715 1075 1798 1117 ego
1828 1074 1925 1102 cum

366 1130 683 1188 prolegomenis
703 1145 872 1186 pugnas
891 1129 944 1170 ad
965 1128 1164 1171 Cabiram
1184 1129 1317 1172 factas
1337 1144 1434 1172 cum
1452 1130 1717 1174 Mommseno
1736 1145 1848 1174 anno
1869 1132 1924 1175 72

366 1202 711 1259 assignavissem,
753 1201 944 1243 Reinach
987 1200 1201 1255 ceterique
1241 1200 1376 1243 factas
1419 1216 1489 1244 eas
1532 1201 1722 1245 iudicant
1763 1204 1924 1254 aestate

365 1273 465 1316 anni
487 1275 560 1329 713
586 1273 700 1328 quod
726 1287 822 1314 cum
848 1271 1058 1314 obsistere
1083 1271 1338 1328 Phlegontis
1365 1272 1599 1315 narrationi
1624 1274 1673 1316 fr.
1696 1275 1768 1316 12:
1793 1273 1926 1324 αὐτὸς

366 1344 439 1403 (sc.
466 1341 690 1399 Lucullus)
721 1344 828 1398 μετὰ
858 1350 994 1399 τριῶν
1025 1343 1171 1385 ἄλλων
1201 1348 1396 1399 προῆγεν
1427 1342 1497 1386 ἐπὶ
1528 1346 1781 1401 Καβείρων,
1812 1344 1926 1387 ὅπου

366 1417 606 1471 διεχείμαζε
646 1412 719 1456 καὶ
758 1410 993 1469 Ἀδριανὸν
1037 1410 1210 1463 ἐπέταξε
1255 1417 1499 1469 πολεμῆσαι
1542 1414 1805 1472 Μιθριδάτῃ
1851 1412 1925 1458 καὶ

286 1480 299 1493 ²
365 1487 613 1542 πολεμήσας
645 1484 817 1538 ἐνίκησε
848 1483 1162 1539 intellegerent,
1195 1483 1386 1526 Reinach
1417 1484 1653 1527 miserrima
1683 1483 1926 1528 coniectura

365 1558 508 1600 locum
544 1558 710 1598 mutare
749 1555 892 1598 studet
930 1554 1120 1596 scribens
1155 1555 1267 1597 ὅπου
1298 1556 1538 1611 διεχείμαζε
1568 1555 1926 1613 <Μιθριδάτης>,

365 1629 393 1671 J
398 1635 523 1685 firges
555 1626 687 1670 errori
719 1626 763 1668 id
789 1626 861 1668 dat
886 1628 960 1668 aut
985 1625 1239 1682 Phlegontis
1264 1629 1338 1668 aut
1362 1626 1520 1669 Photii.
1568 1625 1630 1669 At
1656 1627 1766 1670 haec·
1783 1641 1925 1685 nugae

367 1702 484 1755 sunt,
515 1713 654 1753 neque
685 1697 793 1740 tales
826 1697 933 1739 inire
965 1696 1287 1752 desperatorum
1313 1696 1403 1739 vias
1428 1697 1555 1740 nobis
1579 1697 1692 1756 licet,
1723 1697 1925 1754 quoniam

366 1772 531 1812 mutata
574 1784 626 1811 ex
668 1767 848 1810 libidine
884 1767 1089 1810 memo-ria
1134 1767 1346 1822 quidlibet
1389 1768 1673 1824 scriptoribus
1710 1769 1925 1825 imputare

366 1841 610 1897 possumus!
642 1839 844 1895 Effugere
878 1838 1174 1880 difficultatem
1205 1837 1255 1880 A.
1281 1838 1420 1894 Tilley
1452 1855 1626 1895 operam
1658 1840 1791 1898 dedit,
1827 1855 1924 1883 cum

366 1911 540 1967 scripsit
565 1910 635 1952 ‘he
661 1909 874 1952 advanced
898 1909 1068 1966 against
1094 1909 1248 1951 Cabira
1279 1909 1323 1952 in
1347 1910 1421 1952 the
1447 1925 1562 1953 same
1592 1911 1772 1967 winter’,
1797 1925 1923 1967 quem

367 1985 514 2025 contra
551 1982 713 2024 faciunt
749 1980 970 2023 Plutarchi
1007 1982 1112 2037 μετὰ
1149 1982 1227 2024 τὸν
1264 1988 1456 2037 χειμῶνα
1497 1984 1539 2024 et
1574 1981 1767 2038 Appiani
1807 1981 1924 2025 ἱστα-

366 2053 503 2109 μένου
549 2052 591 2095 δ’
637 2044 756 2110 ἦρος.
826 2051 981 2107 Neque
1032 2051 1204 2094 omnino
1254 2055 1480 2109 oppugnat
1527 2053 1724 2110 Phlegon
1773 2052 1924 2095 ceteris

368 2123 651 2179 scriptoribus
675 2138 813 2178 neque
840 2123 994 2165 erroris
1020 2123 1279 2165 accusandus
1304 2126 1384 2179 est3
1411 2123 1570 2166 etenim
1594 2138 1690 2167 cum
1715 2124 1766 2166 de
1791 2123 1925 2179 olym-

367 2194 491 2249 piade
521 2197 571 2237 17
579 2196 601 2237 7
630 2194 760 2252 (anno
783 2193 929 2250 72s71)
955 2194 1103 2235 refert:
1135 2194 1385 2244 Λεύκολλος
1409 2192 1448 2236 δ’
1475 2192 1655 2250 Ἀμισὸν
1680 2194 1925 2252 ἐπολιόρκει
1966 2190 1970 2193 ’

366 2264 438 2308 καὶ
467 2267 719 2321 Μουρήναν
752 2263 821 2308 ἐπὶ
852 2270 929 2319 τῆς
959 2266 1216 2320 πολιορκίας
1245 2265 1496 2308 καταλιπὼν
1527 2265 1633 2321 μετὰ
1664 2266 1794 2308 δυοῖν
1823 2281 1924 2320 ταγ-

367 2335 524 2392 μάτοιν
550 2336 681 2386 αὐτὸς
706 2337 811 2391 μετὰ
835 2342 970 2391 τριῶν
996 2336 1143 2378 ἄλλων
1167 2339 1269 2392 κτλ.,
1300 2335 1476 2390 plenum
1501 2332 1660 2378 annum
1683 2335 1924 2379 Romanum

367 2407 463 2449 inde
490 2407 544 2449 ab
571 2406 711 2448 hieme
737 2421 871 2462 usque
896 2406 950 2448 ad
974 2406 1159 2448 hiemem
1188 2410 1368 2462 enarrat,
1399 2406 1562 2450 scilicet
1585 2406 1710 2450 initio
1741 2407 1841 2451 anni
1868 2409 1923 2451 72

366 2478 563 2520 Amisum
599 2477 803 2520 Lucullus
841 2477 1194 2534 circumsedebat,
1237 2477 1335 2519 dein
1370 2492 1468 2520 vere
1505 2478 1559 2520 ad
1595 2477 1794 2520 Cabiram
1828 2493 1924 2521 con—

369 2549 519 2606 tendit,
550 2551 702 2604 postea
732 2549 916 2591 hiemem
943 2551 966 2591 7
971 2548 1037 2604 ΞΠ
1045 2550 1067 2591 1
1095 2548 1256 2591 ibidem
1287 2549 1417 2606 degit,
1447 2551 1714 2604 postremum
1742 2563 1840 2591 vere
1867 2550 1920 2592 71

367 2636 446 2676 per
470 2620 735 2662 Hadrianum
760 2619 1024 2662 Mithridatis
1050 2619 1284 2662 exercitum
1308 2619 1436 2676 fudit3
1467 2619 1528 2662 ita
1552 2634 1664 2675 vero,
1687 2619 1806 2662 velut
1829 2620 1924 2676 feci,

368 2691 678 2734 numerandum
715 2706 807 2734 esse
845 2691 1018 2732 docetur
1054 2691 1148 2733 loco
1182 2690 1400 2733 inferiore:
1436 2697 1496 2748 τῷ
1528 2689 1577 2733 δὲ
1613 2691 1800 2749 τετάρτῳ
1839 2691 1924 2734 ἔτει

375 2762 592 2819 Τιγράνης
633 2761 707 2805 καὶ
744 2762 1029 2819 Μιθριδάτης
1072 2761 1362 2818 ἀθροίσαντες
1403 2763 1558 2813 πεζοὺς
1596 2759 1677 2817 μὲν
1711 2760 1924 2817 τέσσαρας

370 2833 601 2888 μυριάδας,
633 2833 788 2884 ἱππέας
818 2830 867 2875 δὲ
894 2840 1010 2889 τρεῖς
1034 2836 1139 2888 κτλ.;
1172 2834 1349 2888 quartus
1380 2831 1493 2874 enim
1521 2831 1776 2888 olympiadis
1806 2831 1922 2874 ilJius

370 2917 505 2944 annus
543 2903 697 2958 incipit
734 2919 758 2944 a
790 2902 970 2954 Quintili
1007 2902 1106 2944 anni
1132 2903 1200 2958 69,
1232 2905 1422 2944 attamen
1457 2901 1655 2959 Tigranis
1690 2905 1924 2958 apparatus
