2034 3184
333 168 417 211 174
803 166 958 204 sanasti
981 167 1234 205 Historiarum
1256 167 1321 206 lib.
1342 141 1407 205 1vs

331 280 475 312 auctore
499 286 574 311 non
604 276 800 311 nominato.
821 296 867 300 —
887 274 1030 310 Gellius
1049 275 1066 310 I
1086 279 1140 321 15,
1157 280 1199 311 12
1219 276 1303 312 v'nde
1328 288 1351 312 α
1370 275 1508 321 loquax
1527 286 1558 312 e.
1572 286 1606 322 q.
1622 286 1649 312 s.
1669 297 1716 304 -—
1733 276 1782 314 M.
1801 275 1886 314 Lol—

331 322 419 369 lius]
445 335 491 358 m.
513 322 623 357 Ollius
644 323 691 367 A,
717 321 888 357 macilius
914 323 962 367 B,
987 335 1076 360 corr.
1099 324 1261 371 Pighius.

450 398 614 437 Comm.
672 398 809 437 Talem
834 398 984 438 tribuni
1007 399 1116 438 illius
1145 400 1448 450 descriptionem
1473 400 1623 440 dedisse
1650 400 1886 440 Sallustium

331 457 574 508 putaverim,
620 457 689 496 ubi
732 457 906 507 primum
946 458 1116 498 hominis
1159 459 1306 498 mentio
1351 460 1458 498 facta
1501 462 1577 510 est3
1625 459 1707 499 illic
1749 459 1885 512 igitur,

333 517 465 566 quoad
496 517 659 568 scimus,
691 517 959 568 fragmentum
990 518 1263 557 collocandum
1296 518 1388 570 erit,
1427 518 1498 556 ubi
1528 519 1575 558 de
1609 518 1808 571 contione,
1843 518 1886 558 in

333 589 413 625 qua
438 576 651 626 Pompeius
682 576 841 614 locutus
873 578 944 628 est,
975 590 1046 627 per
1075 577 1308 616 Palicanum
1340 577 1477 616 habita
1509 577 1712 630 agebatur.
1773 577 1886 618 Cete-

332 648 422 673 rum
441 635 654 674 Palicanus
679 648 759 674 non
784 648 887 675 anno
917 638 982 686 71,
1009 636 1115 686 quod
1139 636 1269 676 voluit
1288 637 1409 687 Kritz,
1441 637 1509 676 sed
1533 650 1636 677 anno
1659 639 1725 690 70,
1749 637 1888 677 eodem

334 707 412 744 quo
426 694 639 744 Pompeius
654 695 792 733 consul
806 695 896 746 fuit,
915 695 1124 733 tribunatu
1137 696 1299 734 functus
1319 698 1378 735 est
1392 690 1475 749 (Ps.
1489 696 1631 735 Ascon.
1644 710 1681 747 p.
1696 697 1778 736 103
1788 690 1888 751 On).
1943 719 1946 723 ·
2015 693 2019 701 ¹

332 754 390 791 Ac
423 753 574 792 scilicet
605 753 887 805 magistratum
917 754 1009 792 iniit
1039 754 1120 793 iam
1151 767 1184 793 a.
1218 755 1252 793 d.
1285 755 1353 795 IV.
1385 755 1438 793 id.
1462 756 1568 807 Dec.,
1600 755 1731 795 contio
1762 755 1890 809 igitur

333 812 403 850 illa
422 813 544 851 fuisse
570 813 729 852 videtur
753 813 878 852 mensi
898 813 1115 865 Decembri,
1140 814 1250 853 brevi
1277 816 1491 864 antequam
1511 814 1724 866 Pompeius
1748 814 1888 855 trium-

332 872 474 921 phavit
504 873 835 922 consulatumque
867 873 1068 924 ingressus
1100 874 1169 912 est.

449 974 526 1019 44.
586 975 816 1031 Magnam
848 989 1060 1017 exorsus
1093 976 1387 1019 orationem.

448 1068 554 1113 App.
595 1043 669 1113 ‘(1v
692 1072 734 1103 το
748 1068 792 1113 D,
821 1071 864 1103 73
877 1068 921 1113 K,
947 1071 993 1103 49
1008 1067 1051 1113 e,
1076 1068 1110 1103 11
1134 1081 1169 1114 p.
1191 1072 1236 1104 30
1249 1069 1323 1115 ΒΥ.)
1348 1091 1395 1095 -
1419 1070 1525 1106 Aras.
1550 1082 1586 1116 p.
1606 1073 1687 1107 472.

450 1144 615 1184 Comm.
671 1145 910 1196 Longiorem
942 1144 1162 1184 orationem
1193 1148 1336 1196 quarto
1368 1146 1624 1186 historiarum
1654 1146 1756 1186 libro
1785 1159 1888 1187 com-

332 1206 594 1243 memoratam
619 1216 713 1254 esse,
740 1204 817 1242 nisi
843 1217 964 1254 quam
985 1204 1198 1254 Pompeius
1224 1205 1265 1243 in
1291 1206 1472 1245 contione
1498 1206 1656 1246 locutus
1681 1207 1752 1258 est,
1777 1206 1888 1258 igno-

331 1276 482 1314 ramus,
526 1263 663 1313 itaque
709 1263 758 1301 ad
802 1276 889 1302 eam
931 1264 1201 1314 fragmentum
1244 1265 1492 1304 referendum
1535 1267 1605 1304 est.
1669 1265 1746 1304 Sed
1786 1278 1888 1316 quae

333 1323 511 1362 oratione
548 1323 619 1360 illa
658 1335 681 1360 a
712 1323 900 1373 Pompeio
933 1322 1112 1372 exposita
1152 1323 1242 1375 sint,
1283 1324 1358 1362 etsi
1397 1324 1529 1363 minus
1567 1337 1639 1374 per
1677 1324 1888 1375 scriptores

334 1382 598 1421 Sallustianos
643 1381 828 1421 certiores
871 1382 969 1420 facti
1013 1394 1167 1433 sumus,
1211 1383 1295 1433 ipse
1332 1385 1465 1422 tamen
1503 1383 1638 1423 Cicero
1675 1383 1888 1423 memoriae

331 1441 497 1479 tradidit
521 1441 632 1479 Verr.
658 1441 678 1479 I
705 1442 777 1480 45:
811 1437 909 1491 ‘ipse
936 1441 1105 1491 denique
1133 1441 1200 1480 Cn.
1228 1442 1452 1494 Pompeius,
1479 1455 1570 1482 cum
1600 1442 1773 1493 primum
1798 1453 1888 1483 con·-

332 1500 480 1539 tionem
512 1501 562 1539 ad
592 1500 730 1539 urbem
762 1501 900 1540 consul
932 1500 1164 1552 designatus
1195 1501 1353 1553 habuit,
1391 1502 1460 1540 ubi
1491 1502 1549 1553 id,
1581 1502 1689 1552 quod
1718 1501 1887 1542 maxime

332 1559 531 1610 expectari
562 1559 790 1610 videbatur,
822 1559 1011 1610 ostendit,
1050 1572 1090 1599 se
1123 1560 1379 1599 tribuniciam
1408 1563 1648 1611 potestatem
1677 1562 1887 1603 restitutu-
1959 1603 1962 1606 Α

331 1633 437 1671 rum,
474 1619 606 1658 factus
638 1621 698 1658 est
728 1619 770 1657 in
801 1632 846 1658 eo
888 1619 1078 1669 strepitus
1111 1621 1151 1658 et
1188 1622 1304 1671 grata
1336 1620 1530 1660 contionis
1562 1620 1888 1661 admurmuratio.

333 1679 442 1717 ldem
478 1678 520 1716 in
557 1678 694 1717 eadem
731 1678 909 1717 oratione
947 1691 1038 1717 cum
1074 1679 1237 1718 dixisset
1274 1680 1487 1729 populatas
1524 1682 1767 1731 vexatasque
1805 1692 1888 1719 esse

331 1737 565 1789 provincias,
603 1737 751 1776 iudicia
783 1740 918 1776 autem
949 1737 1083 1787 turpia
1115 1751 1160 1776 ac
1191 1738 1390 1790 flagitiosa
1421 1738 1522 1790 fieri,
1560 1739 1596 1778 ei
1633 1739 1691 1778 rei
1727 1751 1768 1778 se
1799 1751 1887 1790 pro-

331 1797 463 1836 videre
505 1810 551 1836 ac
589 1798 792 1836 consulere
831 1796 949 1848 velle,
994 1798 1081 1835 tum
1117 1810 1210 1836 vero
1253 1811 1332 1837 non
1376 1798 1562 1849 strepitu,
1608 1798 1675 1837 sed
1715 1798 1886 1838 maximO

333 1857 503 1896 clamore
544 1869 657 1895 suam
687 1857 861 1906 populus
892 1856 1095 1895 Romanus
1133 1856 1374 1908 significavit
1408 1853 1685 1896 voluntatem.'
1751 1857 1886 1908 Atque

332 1915 411 1954 tria
442 1928 544 1966 quae
576 1916 810 1955 insecuntur
839 1916 1064 1967 fragmenta
1089 1918 1157 1967 45,
1189 1917 1257 1966 46,
1289 1917 1343 1955 47
1376 1916 1450 1956 hac
1475 1930 1522 1955 ex
1547 1916 1725 1956 oratione
1747 1937 1797 1944 -
1819 1916 1887 1956 ob-

332 1975 445 2025 liqua
477 1975 627 2014 scilicet
658 1975 836 2014 oratione
866 1974 1023 2014 reddita
1054 1987 1078 2013 a
1103 1974 1295 2014 Sallustio
1329 1996 1383 2001 —
1416 1977 1576 2025 sumpta
1607 1987 1690 2014 esse
1721 1975 1781 2014 ita
1804 1976 1886 2015 fere

333 2034 492 2086 conieci,
524 2037 571 2072 ut
602 2035 647 2072 fr.
675 2036 728 2073 45
763 2036 803 2073 et
835 2036 888 2074 46
919 2034 1074 2073 duabus
1100 2034 1292 2074 orationis
1317 2035 1497 2085 partibus
1524 2047 1547 2073 a
1573 2033 1758 2074 Cicerone
1783 2047 1886 2082 com-

332 2094 560 2132 memoratis
585 2094 859 2145 respondeant,
891 2093 1055 2132 tertium
1087 2088 1151 2146 (fr.
1179 2088 1255 2147 47)
1287 2093 1404 2133 finem
1435 2093 1544 2132 illius
1574 2093 1780 2145 praebeat,
1811 2093 1887 2133 ita·-

333 2166 409 2202 que
447 2153 494 2191 fr.
522 2155 575 2192 45
615 2153 826 2202 Pompeius
868 2153 1218 2192 reconciliaturum
1262 2165 1343 2191 sese
1387 2155 1520 2203 patres
1562 2152 1805 2204 plebemque
1831 2163 1886 2192 vac

331 2211 580 2250 redditurum
609 2212 866 2251 tribuniciam
895 2213 1135 2262 potestatem
1165 2212 1402 2263 promisisse,
1434 2212 1524 2251 dein
1548 2213 1596 2251 fr.
1616 2213 1671 2251 46
1704 2212 1751 2251 de
1782 2212 1885 2250 iudi-

332 2271 483 2310 ciorum
515 2271 741 2310 condicione
774 2271 1072 2321 corruptissima
1103 2271 1229 2322 egisse
1260 2271 1358 2309 mihi
1387 2271 1555 2311 videtur.

451 2373 528 2418 45.
590 2373 639 2416 Si
679 2374 813 2415 nihil
854 2377 969 2416 ante
1011 2374 1284 2419 adventum
1325 2388 1466 2416 suum
1506 2373 1642 2416 inter
1683 2373 1886 2430 plebem
1921 2388 1924 2390 ·

333 2448 382 2487 et
413 2448 587 2500 patres
618 2445 961 2501 convenisset,
994 2460 1158 2487 coram
1190 2460 1243 2487 se
1276 2436 1510 2487 daturum
1541 2459 1756 2500 operam.

451 2538 555 2584 App.
606 2538 669 2584 (IV
689 2541 734 2572 30
746 2538 790 2582 D,
817 2542 860 2572 55
874 2538 918 2583 K,
945 2542 990 2574 34
1005 2538 1047 2584 Gr,
1073 2539 1108 2573 H
1127 2551 1162 2584 p.
1186 2542 1253 2574 174
1266 2538 1340 2584 Br.)
1365 2559 1409 2564 --
1434 2537 1548 2574 Prisc.
1567 2537 1652 2572 XIX
1677 2537 1741 2583 (III
1756 2549 1793 2583 p.
1814 2539 1884 2584 52).

452 2615 481 2653 O
496 2628 624 2654 omm.
685 2614 756 2665 Eo,
795 2627 874 2664 quo
905 2615 1002 2653 haec
1033 2615 1174 2653 effatus
1211 2617 1281 2666 est,
1323 2614 1511 2665 temporis
1546 2615 1758 2664 momento,
1794 2625 1884 2652 cum

333 2675 463 2725 ipsam
504 2675 641 2713 urbem
684 2673 896 2723 Pompeius
941 2674 1116 2713 nondum
1158 2674 1358 2725 ingressus
1396 2675 1508 2715 ,esset
1551 2685 1678 2724 neque
1720 2672 1801 2711 iam
1842 2672 1884 2710 in

335 2735 476 2773 senatu
507 2734 554 2772 de
585 2733 646 2771 his
677 2733 794 2772 rebus
825 2745 916 2771 cum
945 2733 1126 2782 patribus
1158 2747 1273 2785 agere
1305 2735 1449 2784 posset,
1481 2745 1553 2772 suo
1579 2732 1669 2771 -iure
1701 2734 1789 2784 ante
1813 2733 1882 2770 ad-

333 2796 486 2831 ventwm
518 2794 637 2842 atque
670 2804 798 2831 eoram
827 2791 1022 2831 vocabula
1053 2805 1245 2842 usurpare
1278 2793 1313 2831 ei
1344 2792 1477 2843 licuit,
1508 2804 1635 2842 neque
1659 2803 1751 2830 vero
1777 2791 1882 2842 cogi-

334 2865 424 2890 mur
455 2852 503 2891 ob
535 2852 670 2890 eadem
700 2865 789 2890 cum
813 2851 1014 2890 Dietschio
1040 2851 1228 2901 Pompeio
1254 2852 1374 2890 etiam
1399 2852 1476 2890 iter
1499 2851 1666 2890 Romam
1697 2849 1745 2888 ab
1770 2849 1882 2900 Alpi-

333 2911 408 2951 bus
439 2911 602 2950 facienti
632 2912 750 2950 haece
781 2911 964 2950 tribuere.
