1976 3190
244 148 299 189 88
729 142 884 179 Sallusti
908 142 1159 180 Historiarum
1184 143 1248 179 lib.
1270 143 1312 179 H.

244 269 413 298 cenam
439 250 769 309 invitassent,
794 251 931 294 ultra
951 251 1227 295 Romanum
1253 266 1306 294 ac
1330 250 1624 294 mortalium
1649 251 1805 296 etiam

243 340 428 368 morem
460 323 727 379 curabant,
765 323 1032 366 exornatis
1069 323 1281 365 aedibus
1318 337 1408 378 per
1444 322 1622 365 aulaea
1652 324 1701 366 et
1729 322 1804 368 in-

244 395 429 452 signia,
467 394 735 449 scenisque
774 394 833 436 ad
864 393 1266 437 ostentationem
1303 383 1613 436 histrionum
1643 393 1806 437 fabri·
1955 391 1966 431 Ἰ

244 466 390 521 catis3
439 465 590 507 simul
634 480 780 507 croco
824 480 1001 520 sparsa
1049 465 1228 507 humus
1257 467 1320 521 ,et
1363 463 1464 506 alia
1512 463 1563 507 in
1611 463 1807 509 modum
1961 483 1970 549 1

204 550 223 580 3
244 536 426 592 templi
458 535 795 578 celeberrimi.
856 536 1130 578 Praeterea
1164 538 1269 578 tum
1301 535 1500 577 sedenti
1531 537 1808 581 transenna
1957 550 1971 636 ᾗ

245 607 516 650 demissum
546 606 809 650 Victoriae
847 606 1174 649 simulacrum
1212 621 1320 649 cum
1356 605 1643 649 machinato
1681 608 1808 649 stre-

245 679 368 734 pitu
416 678 728 720 tonitruum
778 692 1031 720 coronam
1080 677 1259 733 capiti
1308 677 1649 734 imponebat,
1697 679 1809 720 tum
1952 636 1976 763 Ξ

205 761 225 792 4
245 749 473 815 venienti
499 752 611 791 ture
637 748 782 805 quasi
809 749 898 790 deo
925 748 1333 804 supplicabatur.
1377 748 1514 805 Toga
1539 747 1679 804 picta
1702 747 1809 804 ple·
1951 746 1976 793 ἐκ

245 811 454 876 rumqlie
493 820 712 862 amiculo
750 822 858 862 erat
895 819 1236 876 accumbenti,
1281 819 1461 874 epulae
1500 834 1618 862 vero
1661 833 1807 875 quae·
1945 794 1976 851 ἶ

246 892 543 948 sitissimae,
586 906 746 946 neque
790 905 879 945 per
923 905 1115 932 omnem
1159 890 1301 932 modo
1346 889 1682 946 provinciam,
1723 889 1810 932 sed
1947 848 1976 930 ἓ

245 965 387 1004 trans
430 962 587 1004 maria
631 977 688 1004 ex
725 961 1038 1004 Mauritania
1080 961 1343 1004 volucrum
1387 964 1436 1003 et
1478 961 1698 1004 ferarum
1737 961 1810 1004 in·
1954 929 1976 1037 ἓ

246 1034 456 1091 cognita
499 1035 648 1075 antea
691 1032 839 1088 plura
875 1047 1072 1089 genera.
1141 1032 1262 1083 Quis
1298 1033 1452 1075 rebus
1495 1031 1810 1088 aliquantam
1956 1038 1976 1132 ἢ

247 1107 444 1160 partem
486 1104 683 1161 gloriae
728 1103 1034 1159 dempserat,
1083 1103 1296 1146 maxime
1340 1103 1471 1159 apud
1513 1103 1711 1146 veteres
1757 1106 1811 1146 et

248 1179 452 1218 sanctos
494 1175 632 1217 viros
675 1175 898 1230 superba
941 1174 1048 1230 illa,
1091 1174 1284 1231 gravia,
1333 1174 1543 1232 indigna
1585 1175 1808 1219 Romano
1951 1151 1976 1260 ἦ

248 1246 465 1302 imperio
498 1245 836 1288 aestimantis.
1964 1276 1976 1305 t

366 1363 471 1409 App.
511 1364 558 1408 (II
579 1368 623 1398 23
636 1364 680 1408 D,
702 1367 746 1398 29
760 1363 804 1407 Κ,
825 1366 870 1398 54
884 1362 927 1407 G,
947 1363 1011 1408 Ip.
1028 1367 1096 1398 618
1108 1363 1191 1409 Br.).
1214 1385 1257 1389 -
1278 1363 1442 1399 Macrob.
1469 1364 1610 1400 saturn.
1629 1363 1681 1398 m
1695 1366 1749 1399 13.
1765 1384 1809 1390 --

248 1412 442 1447 Praeterea
467 1412 689 1447 testimonia.-
717 1415 746 1445 1.
774 1410 888 1445 Nonii
907 1410 1004 1455 IIIp
1009 1414 1121 1446 .222·
1151 1410 1216 1446 ‘At
1234 1410 1408 1445 Metellus
1528 1410 1748 1447 visebatur?
1765 1432 1809 1438 --

225 1458 356 1494 'Prob
384 1458 520 1493 cathol.
547 1470 582 1503 p.
605 1462 666 1494 21:
702 1457 825 1493 ‘virile
851 1469 895 1492 ac
928 1423 1109 1493 muliebre
1136 1459 1267 1494 secus.’
1302 1479 1346 1483 —
1379 1457 1519 1494 Charis
1545 1470 1581 1504 p.
1603 1462 1664 1494 80:
1697 1457 1810 1494 ‘unde

248 1508 286 1541 et
319 1505 519 1541 Sallustius
550 1505 659 1540 virile
692 1516 796 1540 secus
829 1504 953 1540 dixit’.
981 1527 1024 1531 —
1057 1509 1089 1540 3.
1115 1505 1210 1541 Non.
1233 1506 1267 1540 Π
1291 1518 1326 1551 p.
1350 1509 1434 1541 180:
1469 1505 1706 1542 ‘Transenna

247 1553 491 1598 imponebat)
520 1553 643 1588 —-.Id
670 1553 770 1598 IVp
774 1555 887 1588 ,2286
918 1552 1018 1587 ‘cum
1041 1552 1284 1588 machinato.
1350 1552 1622 1598 .imp0nebat.'
1644 1573 1689 1579 —
1709 1552 1810 1590 Serv.

249 1601 298 1635 ad
324 1601 414 1635 Aen
440 1600 474 1635 V
493 1603 579 1636 488:
609 1599 838 1635 ‘machinato
865 1599 1024 1645 strepitu
1049 1601 1252 1636 transenna
1278 1581 1414 1635 corona
1442 1600 1482 1635 in
1507 1611 1577 1646 cap
1579 1601 1622 1636 ut
1645 1599 1812 1647 impone-
1831 1616 1834 1617 ⁷

249 1648 385 1683 batur.²
403 1669 447 1674 -—-
466 1647 553 1683 hist.
575 1647 639 1683 lib.
660 1647 711 1682 111
729 1648 829 1683 codd.
851 1647 970 1682 Nouiz
994 1659 1021 1683 c.
1042 1648 1113 1692 IV,
1138 1647 1202 1683 lib
1223 1648 1258 1683 II
1281 1653 1372 1684 recte
1391 1648 1538 1683 Nouius
1561 1659 1590 1684 e.
1610 1648 1663 1683 II
1680 1652 1714 1684 et
1731 1648 1810 1684 III.
1838 1674 1842 1684 ,

248 1696 259 1742 1·
280 1700 310 1731 1.
337 1695 387 1730 At
409 1695 600 1741 Metellus]
627 1706 671 1730 ac
696 1695 826 1730 Bamb.
848 1695 978 1739 Nomi,
1003 1695 1039 1729 Β
1054 1695 1250 1739 Macrobii,
1275 1696 1316 1730 at
1340 1696 1448 1731 etiam
1474 1695 1651 1731 FNom’vz.
1666 1705 1811 1731 —con—

249 1732 492 1789 currentium]
519 1743 684 1787 Nomus,
710 1741 1016 1778 concurrentibus
1042 1743 1267 1779 Macrobius.
1301 1764 1344 1768 —
1377 1744 1415 1778 et
1438 1742 1637 1790 muliebre]
1663 1742 1810 1779 Macro-

215 1817 219 1820 .
249 1792 340 1834 bius,
367 1790 525 1834 Nouius,
552 1801 595 1825 ac
615 1790 766 1825 Probus.
795 1811 838 1815 —
866 1789 1046 1836 omnium]
1072 1791 1172 1826 codd.
1200 1791 1319 1825 Nonii
1343 1790 1606 1835 Macrobiique,
1635 1789 1812 1826 domuum

249 1839 340 1873 coni.
367 1818 571 1883 Quicher'at,
597 1836 932 1872 concurrentibus.
997 1837 1195 1872 omnibus
1221 1838 1314 1874 coni.
1337 1838 1497 1873 Dietsch.
1524 1859 1568 1863 —
1596 1842 1628 1873 2.
1654 1836 1810 1873 invitas-

250 1886 347 1931 sent]
374 1885 419 1928 P,
452 1885 577 1928 Krztz,
609 1884 865 1919 invitaverant
889 1885 938 1928 B,
949 1866 1083 1931 vulyo.
1112 1906 1156 1910 -—
1182 1884 1282 1919 ultra
1306 1885 1530 1931 Romanum]
1560 1885 1812 1920 Romanorum

250 1934 366 1978 vulyo.
393 1953 440 1957 -—
465 1931 646 1978 insignia]
674 1931 781 1977 signa
803 1943 848 1967 ex
875 1931 1060 1968 Oiaccouii
1084 1933 1290 1968 coniectura
1317 1932 1435 1968 Kritz.
1463 1953 1507 1958 —
1533 1935 1565 1968 3.
1593 1931 1810 1988 demissum]

250 1979 300 2023 P,
337 1980 401 2014 hoc
431 1980 634 2015 babuco-wat
667 1980 833 2015 Valerius
863 1984 895 2015 et
927 1979 1149 2015 Plutarchus
1176 1984 1412 2025 eoecerptores,
1449 1978 1643 2014 dimissum
1672 1980 1727 2024 B,
1756 1981 1811 2015 ita

250 2028 335 2073 leyit
359 2028 434 2072 ipsc
453 2027 610 2062 Nouius.
626 2048 670 2052 —
689 2026 884 2062 dimissum
902 2026 1093 2062 Victoriae
1120 2026 1360 2062 simulacrum
1379 2031 1463 2072 post
1484 2026 1644 2072 strepitu
1663 2027 1811 2063 Nonius

250 2086 278 2110 c.
299 2074 368 2109 IV.
396 2095 439 2099 -
467 2073 600 2121 capiti]
627 2075 784 2118 Nouius,
811 2074 846 2109 ei
871 2074 1097 2118 Macrobius,
1122 2074 1162 2108 in
1187 2076 1300 2119 caput
1325 2073 1480 2111 Servius.
1508 2095 1551 2100 --
1577 2073 1811 2128 imponebat]

252 2121 477 2165 Macrobius,
503 2122 651 2157 Nouius
675 2133 703 2157 c.
724 2122 780 2165 ΙΙ,
806 2121 1050 2166 imponebant
1074 2123 1175 2157 codd
1203 2122 1322 2158 Nouii
1342 2133 1369 2158 c.
1390 2122 1462 2166 IV,
1488 2132 1651 2158 corona.
1716 2121 1811 2158 ,im-

250 2169 461 2221 ponebatur
486 2169 640 2205 Servius.
674 2190 718 2194 —
750 2173 782 2204 4.
809 2168 1126 2215 quaesitissimae]
1152 2170 1200 2213 B,
1231 2150 1546 2224 exquisitissimae
1568 2168 1611 2204 P.
1637 2189 1682 2195 —
1692 2150 1811 2205 trans

252 2215 388 2262 maria]
413 2215 665 2251 transmarina
689 2217 782 2252 coni.
803 2217 961 2252 Dietsch.
988 2237 1032 2242 --
1058 2216 1183 2263 plura]
1208 2216 1370 2262 plurima
1395 2218 1487 2253 coni.
1507 2217 1667 2253 Dietsch.

372 2303 538 2343 Oomm.
587 2304 808 2344 Autummo
835 2304 929 2343 anni
956 2307 1009 2343 74
1036 2305 1221 2344 Metellus
1245 2305 1287 2343 in
1311 2305 1540 2344 ulteriorem
1565 2305 1812 2356 provinciam

252 2363 428 2414 revertit,
465 2364 512 2401 ut
542 2363 711 2402 hiemem
742 2364 798 2401 ibi
830 2365 983 2414 ageret3
1020 2364 1094 2403 hoc
1125 2364 1252 2416 igitur
1281 2365 1457 2414 tempore
1493 2376 1556 2403 res
1586 2365 1810 2416 fragmento

254 2424 439 2461 narratae
477 2424 703 2461 evenerunt.
772 2424 832 2461 Ex
862 2423 959 2472 ipsis
991 2425 1126 2462 autem
1156 2423 1286 2463 verbis
1310 2426 1402 2471 post
1431 2435 1579 2462 amuwm
1612 2435 1811 2472 regressus

253 2482 495 2534 intelligitur
512 2483 681 2533 tempus,
708 2483 754 2520 de
781 2496 859 2532 quo
881 2482 1096 2521 Sallustius
1122 2482 1444 2522 antecedentibus
1473 2482 1690 2521 enuntiatis
1716 2482 1810 2535 egit,

254 2555 402 2579 annum
428 2554 510 2580 esse
540 2542 604 2592 75,
636 2541 659 2579 i.
687 2555 717 2579 e.
745 2542 882 2590 paullo
908 2543 999 2591 post
1023 2542 1218 2591 proelium
1239 2541 1524 2593 Saguntinum,
1556 2541 1663 2591 quod
1687 2541 1810 2581 etiam

254 2600 511 2640 confirmatur
541 2601 581 2638 et
604 2601 725 2639 Nonii
755 2601 993 2639 testimoniis
1024 2601 1189 2652 duobus,
1221 2601 1365 2652 quibus
1397 2601 1591 2640 secundus
1621 2601 1812 2640 laudatur

254 2660 511 2698 historiarum
541 2659 653 2711 liber,
685 2661 725 2698 et
755 2673 800 2698 eo
833 2673 951 2710 quem
981 2660 1221 2699 Plutarchus
1253 2660 1411 2699 exhibet
1441 2660 1587 2699 ordine.
