1916 3178
751 162 1046 204 —49-

223 261 337 325 ῑσόεθ,
362 282 416 311 ex
433 267 557 311 Livio
582 267 767 324 quidem,
793 269 841 309 ut
867 268 1030 324 opinor,
1056 269 1129 324 qui
1157 270 1260 311 talia
1285 271 1442 313 referre
1469 270 1685 327 solebat.¹)

86 323 195 401 ἶ
235 358 282 377 21·-
316 339 454 383 totius
479 338 716 382 obsidionis
742 338 976 396 imaginem
1009 354 1042 382 c.
1069 341 1096 382 9
1123 345 1360 396 sequuntur
1384 357 1452 384 res
1477 342 1685 398 quaedam

0 405 2 410 ¹
80 418 132 431 ’
212 405 218 409 ’
275 407 455 454 diversis
485 426 538 454 ex
569 410 816 454 auctoribus
842 414 1076 466 excerptae.
1133 411 1197 454 Ac
1222 413 1409 468 primum
1434 414 1580 456 fabula
1612 413 1686 455 illa

43 538 47 540 μ
166 474 347 526 'matio
377 483 626 526 submarino
657 497 796 538 neque
828 498 851 525 e
883 482 1088 525 Sallustio
1120 482 1191 541 (cf.
1218 485 1325 541 frag.
1351 484 1412 527 III
1435 484 1510 542 19)
1546 500 1686 541 neque

54 547 289 615 “spffidvio
325 553 398 613 (cf.
431 553 550 598 Oros.
575 553 638 598 VI
663 556 704 611 2,
731 556 805 611 143
843 554 957 597 Flor.
984 553 1004 596 I
1028 556 1099 611 40,
1128 556 1200 611 163
1238 556 1429 599 Frontin.
1455 556 1517 599 HI
1546 560 1611 613 13,
1638 556 1686 613 6)

171 645 183 661 >-
223 639 317 669 esse
334 625 516 683 videtur,
542 625 753 669 Graecum
778 628 924 668 autem
949 627 1115 668 fontem
1141 627 1233 669 iure
1260 630 1456 669 statuunt
1476 628 1641 670 Arnold
1650 627 1685 684 2)

60 689 289 753 ,ᾍῦὶ-Οθὺο.
333 697 442 740 Cum
462 713 567 741 -vero
593 713 702 754 quae
722 701 962 754 sequuntur
986 698 1037 740 de
1062 698 1279 754 lintribus,
1305 698 1462 753 quibus
1481 699 1685 741 Lucullus

56 763 271 830 §.milites
295 768 498 825 Cyzicum
522 770 779 826 transduxit,
811 769 1066 813 Strabonem
1092 771 1258 812 fontem
1283 770 1466 825 prodant
1475 768 1523 827 3),
1555 771 1684 812 etiam

7 833 23 846 ²
54 836 218 884 md
234 839 438 884 Straboni
462 841 786 884 attribuendum
812 857 904 885 esse
929 841 1109 885 videtur.
1171 842 1268 884 Duo
1295 841 1493 898 prodigia
1518 857 1606 896 cap.
1630 844 1685 884 10

46 907 304 962 munte
343 928 442 956 cum
479 912 664 970 Obsequ.
706 929 794 970 cap.
822 916 879 957 60
917 913 1200 971 congruentia
1236 913 1414 956 Liviana
1451 928 1542 956 esse
1584 914 1684 955 iam-

55 977 270 1030 Mum
311 987 499 1042 constat3
541 985 722 1028 tertium
762 985 959 1042 sriptoris
1003 989 1086 1042 est,
1130 985 1198 1028 cui
1239 984 1367 1027 Ilium
1409 985 1684 1027 notissimum

54 1071 83 1117 ᾗ
106 1057 203 1098 mii
246 1053 341 1114 (ml
381 1059 548 1115 στήλην
592 1058 693 1100 τινὰ
741 1058 940 1114 δόγματα
979 1056 1052 1100 καὶ
1093 1057 1326 1114 γράμματα
1368 1055 1470 1113 περὶ
1511 1058 1683 1100 τούτων

29 1154 32 1156 v
66 1133 84 1190 ζ’
106 1126 299 1184 noum
326 1126 562 1172 >ἐδείκνυον
587 1126 769 1185 Ἰλιεῖς),
800 1143 955 1184 nempe
982 1127 1222 1171 Strabonis.
1284 1127 1533 1183 Insequenti
1565 1143 1598 1171 c.
1629 1130 1675 1171 11

59 1236 82 1246 .,
105 1199 311 1242 minatus
341 1201 566 1256 captorum
597 1213 620 1240 e
646 1198 858 1242 Strabone
889 1199 1076 1242 insertus
1108 1202 1173 1241 est
1205 1198 1276 1257 (cf.
1296 1198 1406 1254 App.
1427 1199 1572 1242 Mithr.
1596 1199 1684 1256 75),

108 1262 251 1315 detera
271 1270 420 1315 omnia
438 1269 633 1314 Sallustii
654 1273 765 1313 sunt.
806 1270 919 1313 Dein
938 1270 1209 1326 Plutarchus,
1236 1271 1311 1326 qui
1335 1271 1547 1326 proelium
1573 1271 1685 1313 inter

31 1340 337 1388 mullum
367 1345 496 1400 atque
528 1343 770 1400 fugientem
794 1341 1092 1385 Mithridatem
1123 1357 1210 1384 non
1236 1343 1289 1384 ad
1313 1342 1541 1399 Aesepum,
1573 1342 1684 1385 sicut

105 1413 216 1472 App.
249 1415 307 1458 76
345 1417 389 1457 et
424 1413 582 1456 Memn.
609 1415 685 1470 40,
711 1415 756 1470 5,
797 1415 871 1457 sed
915 1414 969 1456 ad
1006 1413 1237 1457 Granicum
1274 1415 1549 1457 commissum
1591 1429 1682 1456 esse

28 1484 46 1542 f
105 1480 216 1529 falso
264 1485 388 1543 dicit,
435 1485 551 1529 hunc
595 1501 783 1528 errorem
827 1501 850 1528 e
887 1485 1092 1529 Sallustio
1136 1486 1298 1542 hausit3
1335 1486 1489 1528 Florus
1526 1489 1682 1543 autem,

34 1579 48 1607 ῃ
106 1556 189 1614 q'u‘i
211 1559 384 1614 praeter
406 1556 578 1600 Livium
603 1557 734 1600 etiam
759 1557 964 1600 Sallustio
990 1573 1093 1600 usus
1119 1560 1195 1614 est,
1226 1558 1331 1600 haec
1357 1557 1682 1617 conglutinavit,

25 1639 34 1689 ξ,
106 1636 207 1672 cum
223 1626 450 1685 'proelium
487 1629 540 1671 ad
576 1631 808 1687 utrumque
839 1629 1020 1672 fluvium
1057 1630 1219 1672 factum
1260 1644 1352 1671 esse
1390 1628 1567 1686 diceret,
1607 1630 1681 1685 qui

19 1706 42 1754 ’ζ
105 1697 282 1757 qudem
311 1702 518 1757 quattuor
548 1701 639 1744 fere
670 1701 872 1744 milliaria
897 1701 1071 1758 distant,
1103 1701 1129 1743 i.
1157 1716 1191 1743 e.
1224 1701 1408 1756 amplius
1440 1701 1523 1743 iter
1554 1701 1681 1743 unius

26 1758 55 1766 Ἴ
107 1767 246 1830 ὥσθ’)
288 1770 421 1815 »Εἰῃθ
461 1772 615 1829 capitis
657 1773 870 1830 particula
905 1773 1017 1815 Livii
1058 1772 1203 1815 addita
1246 1775 1312 1815 est
1349 1771 1594 1831 (Λέγονται
1632 1771 1681 1816 δὲ

109 1842 167 1875 -³-
186 1844 483 1902 -όμυριάδες
512 1844 568 1888 οὐ
597 1847 712 1888 πολὺ
745 1846 800 1901 δὴ
832 1853 922 1888 τῶν
952 1845 1191 1901 τριάκοντα
1222 1841 1456 1888 λείπόυσαι
1487 1845 1682 1900 διαφθα-

23 1907 54 1956 ’“’.
107 1911 338 1973 pflvoesscf.
362 1914 483 1959 Oros.
501 1915 565 1959 VI
590 1917 630 1973 2,
658 1917 731 1959 19:
770 1916 905 1960 ‘Nam
935 1916 1034 1972 plus
1072 1931 1202 1972 quam
1233 1919 1425 1959 trecenta
1456 1916 1576 1958 milia
1606 1917 1680 1959 ho-

37 1994 41 1998 ”
106 1986 278 2031 minum
308 1986 423 2031 fame
463 1990 507 2030 et
543 1988 695 2031 morbo
733 1987 779 2030 in
816 1988 964 2030 eadem
1002 1988 1225 2031 obsidione
1263 1988 1456 2030 amisisse
1489 1987 1681 2045 fertur').

20 2071 22 2074 ·
107 2052 309 2116 eapitis
341 2060 398 2103 12
435 2059 610 2102 initium
641 2060 752 2102 fonti
785 2058 947 2103 Graeco
979 2060 1125 2102 deberi
1163 2060 1395 2102 ostendunt
1432 2075 1580 2102 versus
1617 2059 1681 2101 illi

27 2132 30 2140 “
105 2128 345 2187 Homerici,
382 2130 540 2187 quibus
577 2131 862 2174 dormientem
892 2131 1128 2188 alloquitur
1158 2131 1399 2187 Aphrodite
1435 2131 1682 2187 Lucullum3

32 2193 34 2195 .
106 2198 272 2244 scilicet
313 2201 427 2244 idem
470 2202 536 2245 est
578 2202 630 2244 de
673 2201 754 2245 Ilio
798 2205 965 2259 auctor,
1008 2217 1137 2258 quem
1180 2218 1213 2245 c.
1244 2204 1298 2245 10
1341 2202 1518 2258 reperiri
1556 2218 1681 2258 posse

105 2271 426 2331 putabamus⁶);
466 2288 537 2316 res
579 2289 688 2330 quae
731 2277 971 2331 sequuntur
1013 2274 1230 2317 simillime
1274 2277 1526 2318 enarrantur
1569 2275 1682 2330 apud

14 2378 15 2382 ,
73 2403 76 2405 ‚
105 2341 216 2400 App.
261 2345 336 2401 775
385 2344 502 2400 quod
547 2345 776 2402 praecipue
832 2346 1111 2388 manifestum
1160 2348 1226 2388 est
1276 2361 1455 2389 numero
1505 2346 1680 2388 navium

227 2510 264 2556 1)
288 2514 399 2546 τοῦτο
424 2509 494 2557 μὲν
519 2507 600 2546 οὖν
632 2510 774 2556 φασὶν
806 2507 847 2547 ἔν
876 2512 1020 2561 Φρυγίᾳ
1048 2533 1088 2537 -
1118 2532 1163 2538 -
1191 2533 1233 2538 -
1263 2513 1450 2560 συμβῆναι
1474 2512 1516 2547 τὸ
1541 2512 1679 2558 πάθος,

106 2568 156 2606 cf.
181 2568 343 2606 ludoich
365 2569 391 2607 l.
410 2569 435 2606 1.
460 2581 497 2616 p.
518 2573 575 2607 45.

225 2630 264 2676 2)
286 2629 313 2666 1.
332 2628 358 2666 1.
383 2641 421 2676 p.
441 2633 498 2667 89.

226 2689 263 2736 8)
290 2687 346 2726 Cf.
371 2688 467 2736 frag.
489 2693 552 2726 80:
585 2689 658 2736 ὀψὲ
684 2689 722 2726 δ’
748 2691 897 2737 ἴσχυσεν
928 2689 1135 2738 εἰσπέμψαι
1159 2690 1266 2732 τινὰς
1285 2690 1430 2737 νύκτωρ
1457 2702 1542 2727 cum
1560 2691 1675 2730 Plut:

107 2743 252 2787 ἔὶωθον
275 2747 319 2786 δὲ
342 2749 479 2791 νυκτὸς
502 2749 802 2797 διαπεράσαντες
825 2745 906 2787 ‘ml-‚¹

226 2810 265 2856 4)
288 2808 470 2846 Attamen
495 2809 690 2846 Drumann
707 2809 760 2846 IV
785 2814 853 2847 131
880 2810 1051 2858 ineptam
1070 2810 1173 2846 Flori
1197 2810 1456 2846 narrationem
1482 2811 1677 2856 praetulit.

226 2868 266 2916 5)
289 2867 346 2905 De
372 2868 514 2906 Graeco
540 2869 706 2915 quodam
730 2871 884 2907 auctore
909 2869 1096 2917 cogitavit
1120 2869 1198 2905 iam
1223 2871 1311 2905 ante
1338 2869 1515 2906 Ottonem
1533 2870 1679 2906 Arnold

43 2915 46 2917 ’
104 2926 133 2966 1.
150 2927 176 2966 L
201 2939 241 2975 p.
260 2931 318 2966 89.

179 2993 414 3030 Sallu-tius,
433 2996 480 3024 ed.
493 2996 761 3024 Maureubreoher.
780 2997 805 3024 Ι.
1369 2993 1393 3025 4
