1976 3190
291 160 349 202 40
787 158 942 194 Sallusti
966 158 1215 194 Historiarum
1239 158 1304 195 lib.
1325 159 1351 196 Ι.

293 272 406 310 tinuo
439 271 616 309 subiecta
648 282 748 321 esse,
786 270 953 310 simulac
984 271 1031 310 de
1062 271 1203 321 Lepidi
1234 271 1344 310 clade
1376 271 1554 322 fugaque
1585 283 1630 310 ac
1659 271 1849 312 restituta

291 344 333 369 re
359 330 520 380 publica
545 331 751 368 narratum
777 331 890 381 esset,
921 330 1228 369 existimandum
1253 331 1323 380 est,
1348 332 1482 368 tamen
1506 330 1762 384 praecessisse
1785 331 1848 371 his

292 389 409 427 rebus
441 389 518 427 duo
550 388 792 439 fragmenta,
830 390 870 427 et
899 389 973 428 hoc
1004 391 1044 428 et
1074 389 1115 427 id
1146 389 1253 439 quod
1284 388 1475 439 succedit,
1513 388 1657 438 quibus
1687 389 1729 428 in
1758 389 1848 428 uni-.

292 460 450 486 versum
475 447 571 486 belli
596 447 815 486 Sertoriani
840 448 1016 487 condicio
1043 448 1263 499 exponitur,
1294 461 1340 486 ex
1365 448 1503 486 eodem
1527 448 1599 487 hoc
1624 448 1846 500 fragmento

294 506 496 546 concludo.
1263 523 1266 527 ·

412 608 519 653 85*.
580 607 810 651 Ardebat
841 609 1002 651 omnis
1033 609 1285 665 Hispania
1315 608 1535 651 citerior.

413 713 517 758 App.
570 713 656 758 (Inc.
686 713 762 759 71),
787 714 804 748 Ι
825 717 869 749 68
882 713 932 758 Κ,
958 714 975 748 Ι
995 717 1062 749 108
1077 713 1125 759 G,
1153 715 1170 749 I
1194 727 1228 760 p.
1248 717 1318 750 435
1332 714 1406 759 ΒΥ.)
1439 735 1483 740 -
1514 713 1650 750 Adnot.
1683 714 1732 749 ad
1761 714 1847 751 Luc.

292 760 325 794 ΙΙ
346 763 430 796 534:
459 761 608 795 ‘ardent
631 760 814 806 Hesperii,
840 763 883 796 ut
908 760 1121 796 Sallustius’
1150 773 1179 797 e.
1201 773 1235 806 q.
1257 774 1283 797 s,
1312 783 1355 788 —
1382 760 1561 796 Victorin.
1587 760 1628 796 in
1653 760 1727 798 Cic.
1752 761 1847 798 rhet.

291 819 326 852 p.
349 811 369 842 6
384 806 443 843 Or.
472 810 573 852 (rhet.
599 809 687 843 mm.
708 820 747 853 10-
769 810 857 852 158)
884 810 1028 844 nomine
1054 809 1222 845 Sallustii
1245 821 1321 845 mm
1346 810 1507 844 laudato.

412 889 576 928 Comm.
638 890 771 934 Verba
802 904 822 928 e
855 891 938 930 solo
964 890 1170 930 Victorino
1204 891 1333 929 adhuc
1365 890 1526 941 cognita
1553 890 1639 930 iure
1666 890 1850 931 Sallustii

292 949 526 1000 fragmentis
560 949 764 1000 assignata
801 962 896 1000 esse,
936 950 1038 989 falso
1074 951 1219 1001 autem,
1259 963 1357 987 num
1392 962 1439 988 ea
1480 948 1662 988 Sallustii
1708 952 1849 1002 essent,

293 1008 494 1046 dubitasse
526 1008 776 1047 Dietschium
808 1009 1112 1048 adnotationum
1143 1009 1228 1048 loco
1262 1009 1311 1046 ab
1336 1008 1510 1047 Usenero
1541 1009 1640 1047 mihi
1669 1009 1850 1060 praebito

293 1080 398 1106 nunc
429 1067 607 1118 docetur3
640 1079 733 1106 sane
766 1069 884 1106 antea
914 1068 1020 1106 idem
1051 1068 1205 1106 ostendi
1235 1067 1370 1117 potuit
1400 1067 1556 1106 collatis
1580 1067 1850 1108 imitatoribus

291 1127 434 1177 Heges.
460 1126 500 1164 II
529 1128 594 1177 11,
624 1129 643 1164 1
679 1128 719 1165 et
749 1126 891 1176 Dictye
922 1127 942 1164 I
971 1129 1034 1166 16.
1063 1149 1118 1153 -
1151 1126 1335 1166 Ceterum
1365 1126 1427 1164 his
1457 1126 1587 1166 verbis
1617 1140 1698 1166 non
1727 1140 1851 1167 unam

295 1185 497 1235 quandam
515 1198 600 1224 rem
617 1185 722 1224 bello
744 1185 972 1225 Sertoriano
998 1187 1148 1225 factam
1173 1185 1360 1236 enarrari,
1386 1185 1452 1224 sed
1471 1185 1598 1224 totius
1615 1186 1712 1225 belli
1728 1187 1851 1226 ratio-

293 1258 384 1283 nem
409 1244 756 1294 condicionemque
783 1244 951 1283 describi
975 1246 1159 1296 apparet;
1193 1258 1314 1295 quare
1339 1244 1382 1282 in
1412 1244 1527 1284 initio
1558 1245 1702 1296 capitis
1730 1245 1851 1285 huius

293 1316 340 1342 ea
371 1303 550 1353 posuisse
583 1304 704 1353 atque
737 1304 985 1342 antecedenti
1015 1304 1061 1343 fr.
1083 1306 1138 1343 84
1172 1303 1403 1343 adnexuisse
1437 1305 1542 1343 recte
1577 1304 1676 1343 mihi
1705 1304 1851 1344 videor.

413 1405 488 1449 86.
552 1404 818 1448 Curionem
852 1405 1072 1463 quaesit,
1110 1406 1186 1449 uti
1218 1405 1602 1448 adulescentior
1632 1409 1682 1449 et
1711 1421 1737 1450 a
1767 1422 1851 1463 po-

294 1476 405 1531 puli
437 1476 708 1533 suffragiis
739 1477 943 1534 integer
974 1477 1134 1519 aetati
1167 1477 1467 1520 concederet
1497 1476 1745 1521 Mamerci.

413 1580 519 1626 App.
571 1581 601 1626 (I
620 1584 664 1616 52
678 1581 722 1626 D,
750 1584 793 1616 55
808 1581 852 1626 K,
879 1585 922 1616 62
938 1581 980 1626 G,
1006 1581 1023 1616 Ι
1046 1594 1081 1627 p.
1102 1586 1171 1617 426
1185 1581 1259 1627 Br.)
1281 1602 1324 1608 —
1350 1581 1528 1617 Priscian.
1549 1581 1583 1616 X
1607 1581 1655 1627 (Π
1671 1593 1707 1628 p.
1728 1584 1822 1628 535).
1841 1582 1854 1630 Η

293 1627 458 1675 quaesit]
487 1628 521 1663 G
540 1628 671 1672 Hertz,
703 1628 892 1673 quaesivit
921 1630 998 1664 rell.
1024 1630 1143 1673 codd„
1174 1630 1280 1675 vulyo
1311 1633 1395 1665 ante
1421 1629 1630 1673 Hermam,
1659 1630 1755 1666 illud
1777 1631 1853 1676 ipse

293 1677 377 1722 leyit
402 1676 626 1712 Priscianus.
656 1697 699 1702 —-
726 1675 872 1722 integer
897 1675 1032 1723 aetati]
1058 1675 1271 1722 integritati
1300 1676 1333 1712 G
1361 1676 1406 1720 L,
1431 1675 1605 1722 intigrati
1631 1677 1680 1712 K.

412 1757 577 1797 Oomm.
628 1758 724 1804 Quis
751 1757 964 1798 Curionem
988 1758 1090 1796 illud
1114 1759 1317 1810 rogaverit
1340 1758 1548 1811 nescimus,
1574 1758 1726 1798 scilicet
1749 1759 1851 1810 opti-

293 1817 463 1855 matium
512 1817 693 1867 princeps
737 1818 883 1868 aliquis
926 1818 1039 1856 velut
1080 1817 1291 1867 Philippus
1336 1817 1570 1868 Catulusvet,
1619 1818 1852 1868 impetrasse

295 1877 430 1915 autem
460 1876 563 1914 illud
589 1876 637 1914 ab
664 1890 709 1915 eo
736 1878 903 1928 constat,
935 1876 1125 1927 quoniam
1156 1889 1201 1915 eo
1233 1877 1346 1915 cuius
1371 1877 1417 1915 de
1444 1876 1615 1916 comitiis
1641 1889 1768 1916 sermo
1794 1880 1854 1916 est

298 1948 400 1974 anno
430 1937 481 1974 77
514 1935 737 1974 Mamercus
768 1935 943 1986 Lepidus
973 1935 1164 1975 Livianus
1194 1949 1236 1974 re
1267 1948 1362 1975 vera
1393 1936 1532 1975 consul
1560 1936 1691 1975 factus
1722 1938 1792 1975 est.

413 2036 520 2082 87³⁶.
582 2038 769 2095 Togam
800 2038 1162 2094 paludamento
1193 2037 1424 2081 mutavit.

410 2141 516 2187 App.
569 2143 656 2187 (inc.
678 2145 722 2177 65
736 2143 786 2187 D,
813 2147 856 2178 31
871 2143 916 2189 K,
948 2143 965 2178 Ι
982 2147 1029 2179 44
1044 2143 1086 2188 G,
1111 2144 1129 2178 Ι
1152 2155 1187 2189 p.
1209 2147 1278 2179 400
1292 2142 1367 2188 Br.)
1394 2163 1438 2170 --
1465 2143 1564 2179 Serv.
1592 2143 1720 2189 (schol.
1743 2143 1852 2190 Dan.)

293 2189 342 2223 ad
369 2188 500 2234 Georg.
521 2189 538 2223 I
558 2193 589 2225 8.
610 2210 655 2215 -
676 2190 797 2226 Schol.
824 2191 873 2225 ad
891 2191 1016 2226 Iuven.
1037 2191 1089 2226 VI
1107 2194 1186 2226 400.
1214 2212 1259 2216 —-
1285 2190 1414 2227 Isidor.
1434 2190 1520 2226 XIX
1540 2195 1596 2236 24,
1619 2194 1650 2227 9.
1670 2192 1851 2239 u·togam]

293 2235 414 2271 coiam
440 2237 475 2270 L
498 2237 604 2272 schol.
633 2237 747 2283 Ver-9„
773 2248 905 2283 cogam
925 2238 954 2274 S
973 2239 1078 2274 schol.
1104 2239 1267 2274 vaenal.

294 2311 580 2410 Dttsohomm·
641 2313 704 2351 Ad
743 2313 786 2359 Q.
813 2311 1032 2353 Sertorium
1067 2315 1164 2353 haec
1202 2315 1294 2364 apte
1330 2314 1469 2353 referri
1504 2326 1618 2364 posse
1654 2314 1852 2354 intellexit

333 2385 369 2410 1e
410 2384 430 2410 c
459 2401 468 2409 .

415 2461 522 2506 88²⁸.
582 2461 762 2518 Magna
793 2463 960 2519 gloria
997 2463 1235 2506 tribunus
1266 2464 1486 2506 militum
1518 2463 1568 2505 in
1599 2459 1851 2519 Hispania

296 2533 341 2574 T.
373 2532 526 2574 Didio
559 2532 862 2589 imperante,
893 2549 1073 2591 magno
1104 2534 1219 2576 usui
1250 2535 1388 2577 bello
1419 2533 1636 2577 Marsico
1668 2537 1850 2590 paratu

296 2603 519 2646 militum
558 2606 607 2645 et
648 2618 897 2646 armorum
937 2604 1058 2662 fuit,
1101 2605 1361 2661 multaque
1403 2607 1510 2647 tum
1552 2604 1706 2648 ductu
1742 2605 1850 2648 eius

296 2677 504 2729 peracta
552 2674 714 2730 primo
764 2690 854 2729 per
902 2675 1307 2732 ignobilitatem,
1357 2676 1536 2718 deinde
1586 2691 1676 2731 per
1722 2676 1850 2718 invi-

297 2745 428 2786 diam
473 2745 784 2800 scriptorum
827 2746 1146 2788 incelebrata
1190 2750 1324 2790 sunt:
1367 2761 1491 2803 quae
1535 2747 1678 2790 vivos
1719 2747 1850 2790 facie

298 2830 385 2857 sua
417 2817 716 2858 ostentabat
747 2816 947 2872 aliquot
972 2817 1200 2860 adversis
1226 2817 1558 2860 cicatricibus
1583 2821 1632 2860 et
1657 2817 1848 2861 effosso

298 2886 455 2928 oculo.
517 2886 693 2943 Neque
730 2887 840 2930 illis
877 2887 1074 2943 anxius,
1113 2888 1234 2943 quin
1270 2888 1360 2931 ille
1397 2888 1849 2932 dehonestamento
