1916 3178
848 160 1135 200 -10—

213 267 355 305 tamen
394 263 437 305 in
475 262 656 319 singulis
693 263 947 318 quibusdam
987 264 1115 306 rebus
1153 263 1447 319 corrigendam
1488 277 1579 305 esse
1619 263 1687 305 vel
1718 278 1771 306 ex

213 333 282 389 iis,
314 349 420 389 quae
453 333 554 375 Otto
587 333 801 390 exposuit,
839 334 1032 376 efficitur.
1095 334 1177 376 Sed
1208 334 1258 376 de
1290 333 1472 390 singulis
1503 333 1770 390 singularum

212 404 396 446 vitarum
426 403 647 459 particulis
678 403 789 446 infra
814 404 1137 460 disputabimus.
1175 431 1227 435 —
1263 405 1450 447 Zonaras
1480 404 1520 446 X
1550 419 1589 460 p.
1609 405 1696 448 474
1707 419 1768 460 sq.

214 475 355 516 omnia
387 490 493 530 quae
525 474 593 516 his
625 474 675 516 de
706 475 828 517 annis
858 476 1039 531 profert,
1071 491 1122 517 ex
1147 476 1365 518 Plutarchi
1397 475 1486 517 vita
1510 475 1771 531 Pompeiana

215 545 413 600 sumpsit3
446 560 553 600 quae
585 560 680 587 cum
713 548 879 587 servata
910 546 983 602 sit,
1014 546 1222 588 Zonaram
1252 561 1379 602 porro
1411 561 1464 587 ne
1496 561 1702 588 curemus.

330 615 590 658 Livianam
615 616 864 658 memoriam
889 617 1094 672 praebent
1119 617 1328 672 imprimis
1349 616 1579 672 Orosius,
1603 616 1768 672 perio-

214 687 350 742 chae,
386 686 687 743 Eutropius,
723 690 942 742 praeterea
974 687 1102 729 etiam
1135 687 1493 730 Cassiodorius
1524 690 1567 729 et
1597 686 1767 744 Augu-

213 756 391 799 stinus.
467 757 581 807 Quos
629 772 715 799 non
766 757 905 812 ipsum
955 758 1187 813 inspexisse
1230 758 1416 814 Livium,
1466 758 1540 800 sed
1583 757 1768 813 epitome

212 827 393 882 quadam
425 843 447 870 e
478 828 599 869 Livio
632 827 726 869 aliis
765 828 1009 870 auctoribus
1047 829 1251 871 adhibitis
1292 831 1490 884 excerpta
1527 843 1628 871 usos
1665 843 1769 885 esse,

211 900 437 953 postquam
451 898 523 940 alii
538 898 622 940 iam
636 897 956 955 coniecerunt1),
976 902 1169 941 accurate
1190 900 1315 942 evicit
1328 897 1706 956 Zangemeister²);
1725 899 1769 942 id

212 984 343 1010 unum
369 969 614 1025 addiderim,
640 969 769 1011 etiam
791 968 1105 1012 Ammianum
1125 970 1496 1026 Marcellinum,
1518 969 1768 1026 Servium,

211 1040 469 1082 scholiorum
519 1042 938 1095 commentorumque
988 1041 1032 1083 in
1075 1041 1328 1084 Lucanum
1383 1044 1576 1084 auctores
1626 1041 1768 1083 omnia

214 1112 320 1166 fere,
353 1126 459 1166 quae
492 1111 542 1152 de
574 1111 732 1152 liberae
763 1111 824 1152 rei
855 1111 1049 1166 publicae
1082 1112 1347 1167 temporibus
1377 1115 1569 1168 narrant,
1601 1127 1653 1154 ex
1683 1111 1768 1168 epi-

211 1184 325 1223 tome
357 1181 431 1222 illa
455 1181 631 1223 Liviana
656 1181 857 1223 hausisse.
886 1207 939 1211 ——
968 1181 1006 1223 S.
1027 1182 1211 1224 Rufum
1236 1182 1323 1240 (vel
1341 1180 1535 1239 Rufium)
1559 1183 1767 1225 Festum

211 1251 453 1294 ‘breviarii’
491 1252 556 1294 sui
595 1252 806 1307 capitibus
839 1254 1009 1308 3—14‚
1060 1268 1166 1308 quae
1210 1253 1260 1295 de
1298 1253 1422 1296 bellis
1458 1253 1503 1295 in
1538 1253 1768 1309 provinciis

210 1322 412 1364 Romanis
450 1323 584 1378 gestis
615 1324 763 1379 refert,
804 1339 890 1365 non
932 1339 983 1365 ex
1013 1324 1242 1380 Eutropio,
1283 1324 1356 1366 sed
1394 1339 1445 1366 ex
1476 1324 1598 1367 Livio
1629 1339 1767 1367 excer-

208 1393 342 1447 psisse
380 1392 542 1450 (potius
574 1409 625 1435 ex
657 1392 861 1450 epitome)
891 1393 1079 1451 Iacobi3)
1119 1395 1273 1436 docuit.
1336 1394 1416 1445 Qui
1457 1409 1553 1437 cum
1589 1394 1766 1437 Florum

209 1479 234 1504 a
263 1463 391 1505 Festo
430 1464 670 1506 adhibitum
708 1480 798 1506 esse
835 1465 959 1519 plane
996 1468 1190 1521 negaret,
1226 1465 1343 1507 Flori
1383 1465 1596 1521 permulta
1635 1465 1680 1508 in
1716 1480 1766 1508 eo

210 1549 410 1589 apparere
459 1535 641 1590 vestigia
689 1535 779 1576 iure
829 1536 1106 1578 ostenderunt
1155 1534 1383 1592 Spengel4)
1439 1538 1482 1577 et
1529 1533 1767 1591 Eussner.⁵)

209 1605 345 1655 Quare
377 1607 419 1646 et
451 1605 665 1660 epitomen
695 1606 915 1648 Livianam
953 1610 996 1648 et
1026 1606 1201 1648 Florum
1231 1606 1349 1648 Festi
1388 1606 1438 1648 de
1476 1606 1604 1648 rebus
1634 1605 1764 1649 histo-

209 1675 307 1717 ricis
338 1676 478 1717 fontes
510 1676 639 1718 fuisse
671 1692 783 1718 nunc
815 1680 1007 1719 constare
1039 1677 1145 1719 mihi
1176 1677 1354 1719 videtur.

325 1745 528 1788 Florum
558 1747 782 1802 praecipue
814 1762 836 1789 e
856 1747 977 1789 Livio
1003 1747 1206 1803 hausisse,
1238 1747 1345 1789 alios
1376 1750 1519 1789 autem
1551 1747 1765 1790 interdum

209 1817 436 1871 scriptores
466 1817 701 1872 respexisse
728 1821 854 1873 atque
881 1833 976 1860 cum
1002 1818 1123 1860 Livio
1150 1818 1459 1860 contaminasse
1485 1818 1536 1861 U.
1558 1816 1765 1874 Kohler⁶)

209 1890 252 1929 et
282 1885 452 1943 Heyn⁷)
489 1892 792 1943 exposuerunt,
832 1889 1085 1944 quibuscum
1123 1889 1318 1944 equidem
1355 1888 1586 1931 consentio.
1649 1888 1764 1939 Quos

209 1957 321 1999 inter
352 1958 579 2013 scriptores
610 1962 725 2001 certo
753 1959 942 2001 Caesaris
973 1960 1133 2002 bellum
1159 1957 1428 2016 Gallicumg),
1459 1958 1650 2001 Sallustii
1681 1959 1766 2001 tria

211 2027 399 2085 opera⁹),
430 2029 588 2071 Lucani
611 2029 916 2086 Pharsalica¹⁰)
948 2031 1130 2072 fuerunt.
1187 2029 1233 2072 O.
1253 2030 1473 2073 Rossbach
1498 2044 1597 2072 vero
1610 2027 1660 2087 ¹¹)
1689 2045 1763 2072 nu-

330 2183 363 2226 1)
390 2180 494 2216 Sicut
522 2181 687 2216 Thouret
710 2180 749 2216 in
775 2181 896 2217 annal.
922 2172 1017 2226 phil.
1041 2180 1162 2226 suppl.
1188 2180 1238 2216 XI
1261 2193 1298 2226 p.
1321 2185 1397 2218 179.

328 2241 364 2284 2)
391 2239 598 2284 „Festschn
613 2252 642 2276 z,
654 2244 710 2276 36.
723 2239 972 2285 (Karlsruher)
985 2238 1467 2286 Philologenversammlg.“
1479 2241 1603 2287 (1882)
1611 2253 1646 2287 p.
1653 2244 1700 2277 89
1707 2252 1761 2286 sq.

327 2301 363 2342 3)
390 2298 472 2343 „De
497 2299 599 2333 Festi
625 2298 801 2335 breviarii
826 2298 1025 2334 fontibus“
1051 2298 1154 2344 (diss.
1180 2299 1296 2335 Bonn.
1325 2301 1442 2345 1874).

327 2358 364 2401 4)
389 2357 604 2401 „AbhandL
630 2357 665 2393 d.
693 2357 789 2394 Bair.
813 2357 1050 2393 Akademie“
1078 2361 1168 2394 1860
1194 2370 1229 2403 p.
1249 2362 1330 2394 348.

329 2418 363 2460 5)
389 2415 521 2451 Philol.
547 2416 719 2452 XXXVII
743 2428 778 2462 p.
802 2420 879 2452 154.

330 2476 365 2519 6)
392 2475 502 2519 „Qua
527 2474 670 2510 ratione
696 2475 736 2511 T.
762 2474 859 2510 Livii
884 2473 1082 2510 annalibus
1114 2474 1172 2509 usi
1203 2474 1279 2510 sint
1303 2475 1474 2512 historici
1503 2474 1616 2511 latini
1647 2476 1762 2520 atque

210 2534 371 2570 Graeci“
397 2534 501 2580 (diss.
528 2534 694 2580 Gotting.
722 2536 827 2579 1860)
851 2546 887 2579 p.
909 2538 953 2569 23
970 2546 1022 2578 sq.

331 2594 365 2638 7)
393 2593 476 2638 „De
499 2593 608 2629 Floro
633 2592 839 2629 historico“
865 2592 968 2638 (diss.
995 2593 1110 2628 Bonn.
1140 2594 1244 2638 1866)
1268 2605 1304 2639 p.
1325 2598 1372 2629 36
1385 2604 1438 2638 sq.

329 2656 365 2697 8)
390 2653 497 2698 Heyn
520 2664 557 2697 p.
571 2657 627 2688 52.

329 2714 365 2757 9)
391 2711 650 2757 Iugurthinum
663 2710 813 2756 quidem
823 2711 963 2746 bellum
973 2712 1193 2756 usurpatum
1206 2722 1287 2746 esse
1297 2710 1562 2756 negatJacobi,
1576 2723 1610 2756 p.
1619 2714 1664 2746 35
1673 2711 1758 2747 adn.

307 2772 365 2815 10)
390 2770 552 2806 Eussner
583 2770 623 2805 in
654 2769 789 2806 Philol.
808 2769 981 2805 XXXVII
1005 2782 1042 2815 p.
1069 2773 1154 2813 1373
1189 2769 1430 2815 Westerburg
1459 2769 1499 2804 in
1524 2768 1619 2806 Mus.
1640 2769 1758 2806 Rhen.
1803 2767 1818 2801 s

212 2828 382 2864 XXXVII
407 2841 442 2874 p.
469 2832 530 2873 353
557 2829 621 2864 sed
648 2828 693 2864 cf.
717 2828 875 2863 Judeich
899 2840 936 2873 p.
958 2832 1013 2864 11.

306 2889 363 2933 11)
390 2887 534 2933 „BresL
560 2887 691 2933 philol.
717 2887 935 2924 Abhandl.“
962 2886 995 2922 ΙΙ
1019 2888 1142 2933 (1888)
1166 2899 1203 2932 p.
1225 2889 1303 2923 164.
