1916 3178
886 194 939 199 m
1005 170 1174 211 70—

252 272 357 314 citer
383 272 518 328 gestis
544 273 693 314 morbo
720 276 941 329 correptus
962 278 1156 317 mortuus
1183 279 1258 318 est.
1287 302 1340 306 —
1367 275 1531 318 Deinde
1557 275 1631 332 qui
1655 265 1695 319 ei
1720 277 1810 320 sue÷

252 344 428 385 cedebat
449 343 491 385 C.
512 342 759 386 Scribonius
780 343 906 387 Curio
933 346 1220 401 quaerendum
1246 350 1323 402 est,
1347 361 1556 402 quosnam
1580 361 1656 403 per
1674 354 1812 391 annos
1854 339 1858 344 ’
1910 367 1916 392 ι

252 414 295 456 in
331 414 580 456 Macedonia
618 414 851 457 bellaverit.
922 416 1080 459 Consul
1118 420 1263 459 autem
1301 432 1397 460 cum
1434 417 1565 460 fuerit
1600 433 1711 462 anno
1744 419 1812 475 76,

251 485 330 526 viri
364 484 477 526 docti
509 500 643 527 annos
676 486 848 529 75-73
882 486 926 528 in
950 487 1198 530 Macedonia
1229 488 1526 550 proconsulem
1558 503 1656 532 eum
1679 488 1813 532 fuisse

252 556 563 610 iudicaverunt,
600 556 708 598 falso
747 556 918 612 quidem
956 558 1066 600 sicut
1103 558 1209 600 mihi
1249 559 1427 601 videtur.
1497 558 1694 615 Namque
1736 574 1812 616 per

252 626 484 668 triennium
517 625 744 668 Curionem
776 627 936 670 bellum
973 628 1157 684 gessisse
1198 630 1330 671 tradit
1359 628 1612 686 Eutropius:
1650 629 1812 674 ‘trium-

252 696 468 751 phumque
519 697 674 739 meruit
718 700 760 739 et
811 698 945 740 intra
991 699 1276 742 triennium
1322 701 1452 742 finem
1496 699 1610 743 bello
1656 699 1813 756 dedit'3

253 782 349 809 cum
387 782 485 809 vero
525 767 637 810 idem
673 771 822 824 postea
865 769 977 811 dicat
1013 770 1069 812 M.
1101 770 1327 813 Lucullum
1365 771 1526 813 bellum
1562 770 1813 814 Thracicum

253 838 487 893 gerendum
531 839 765 894 suscepisse
814 840 962 882 eodem
1006 856 1116 883 anno
1160 857 1244 897 quo
1283 841 1565 898 fugitivorum
1607 841 1813 898 inciperet

254 909 465 951 tumultus
497 909 521 951 i.
549 926 581 951 e.
615 925 725 971 anno
754 912 820 966 73,
851 910 925 953 illo
953 911 1149 954 Curionis
1181 912 1365 955 triennio
1392 927 1526 955 annos
1551 911 1814 969 significasse

253 980 468 1035 putandus
512 983 577 1021 est
617 982 689 1035 76,
728 982 801 1036 75,
842 983 907 1023 74.
981 981 1063 1024 Sed
1101 983 1183 1024 sibi
1221 983 1312 1038 ipse
1357 998 1603 1040 oppugnare
1645 983 1814 1027 videtur

254 1050 506 1106 Eutropius,
545 1066 640 1093 cum
673 1054 797 1093 antea
836 1052 1070 1108 scripserit:
1111 1053 1288 1096 ‘missus
1321 1054 1359 1095 ei
1391 1069 1608 1097 successor
1639 1053 1682 1097 C.
1707 1053 1814 1097 Scri-

256 1122 409 1163 bonius
443 1122 568 1163 Curio
601 1125 715 1177 post
754 1124 1110 1180 consulat'um',
1147 1125 1171 1166 i.
1199 1140 1231 1166 e.
1264 1141 1374 1167 anno
1409 1126 1474 1168 75.
1537 1124 1643 1167 Cum
1680 1124 1815 1167 altera

255 1193 454 1248 Eutropii
498 1193 703 1235 relatione
747 1194 907 1249 optime
951 1196 1166 1252 convenit,
1210 1197 1324 1252 quod
1365 1196 1433 1238 Ps.
1478 1195 1711 1238 Frontinus
1753 1194 1815 1239 IV

258 1266 295 1319 1,
326 1265 383 1306 43
396 1262 427 1320 ¹)
466 1264 718 1306 seditionem
755 1265 879 1307 initio
917 1267 1199 1321 expeditionis
1237 1267 1447 1309 consule
1487 1266 1687 1322 Curione,
1727 1281 1816 1310 non

256 1335 507 1390 proconsule
539 1337 695 1377 factam
734 1351 825 1378 esse
857 1337 976 1393 dicit3
1009 1338 1135 1380 Curio
1174 1339 1307 1395 igitur
1339 1338 1570 1381 secundum
1599 1338 1815 1381 Ps.·Fron-

256 1406 396 1448 tinum
427 1406 770 1462 Eutropiumque
802 1407 886 1449 iam
917 1409 1065 1450 consul
1096 1409 1121 1451 i.
1149 1425 1181 1451 e.
1213 1425 1341 1451 anno
1370 1411 1430 1452 76
1461 1409 1622 1451 bellum
1651 1409 1816 1452 inierat.

258 1477 315 1518 Et
353 1477 525 1519 omnino
564 1478 655 1519 fieri
694 1478 884 1533 potuisse
914 1494 1046 1536 nego,
1083 1480 1186 1535 quin
1216 1479 1347 1536 Appii
1380 1479 1546 1522 Claudii
1576 1479 1689 1536 loco,
1719 1494 1816 1522 cum

258 1564 368 1590 anno
403 1550 458 1591 76
502 1552 756 1605 moreretur,
799 1550 946 1592 statim
991 1551 1138 1592 eodem
1185 1551 1314 1593 etiam
1358 1566 1468 1593 anno
1503 1551 1558 1593 76
1599 1565 1817 1594 successor

259 1620 512 1662 mitteretur.
574 1620 717 1662 Verba
759 1624 903 1663 autem
945 1622 1168 1677 periochae
1202 1624 1258 1665 92
1296 1621 1385 1664 ‘res
1423 1638 1448 1664 a
1485 1620 1668 1664 Curione
1703 1637 1817 1678 pro-

259 1691 466 1733 consule
498 1691 542 1732 in
573 1691 752 1734 Thracia
783 1695 926 1748 gestas
958 1693 1158 1735 adversus
1189 1692 1433 1735 Dardanos'
1464 1691 1574 1750 (scil.
1606 1690 1817 1749 continet)

259 1762 384 1804 nobis
422 1762 578 1817 opponi
615 1766 846 1818 nequeunt,
884 1762 984 1818 quia
1020 1763 1088 1805 his
1124 1763 1233 1805 nihil
1272 1763 1472 1818 efficitur,
1502 1762 1586 1805 nisi
1617 1762 1728 1804 libro
1760 1764 1817 1806 92

259 1849 327 1876 res
353 1849 463 1875 anno
492 1834 546 1875 75
567 1849 591 1874 a
618 1833 800 1876 Curione
826 1837 969 1890 gestas
995 1834 1213 1876 contineri.
1241 1860 1295 1864 —
1323 1833 1450 1876 Curio
1476 1833 1610 1890 igitur
1635 1833 1734 1876 anni
1761 1834 1816 1876 76

260 1907 420 1946 aestate
446 1904 491 1946 in
510 1904 801 1946 Macedoniam
825 1906 1041 1960 profectus
1065 1904 1250 1960 primum
1274 1904 1526 1946 seditionem
1552 1903 1739 1946 militum
1757 1903 1817 1947 in-

260 1975 413 2018 hibuit.
470 1975 579 2017 Tum
597 1978 824 2030 postquam
844 1978 991 2018 contra
1009 1976 1221 2018 Thracum
1240 1975 1444 2031 quasdam
1464 1972 1657 2031 gentes-²)
1676 1974 1817 2016 minus

261 2048 369 2088 bene
383 2047 602 2102 pugnavit,
625 2062 721 2088 cum
741 2048 793 2088 ad
813 2047 1146 2102 septentrionem
1166 2062 1256 2088 sese
1277 2049 1520 2088 convertere
1536 2045 1695 2102 mallet,
1713 2045 1817 2088 Dar-

262 2118 394 2159 danos
425 2118 599 2159 adortus
631 2118 804 2174 subegit
835 2121 877 2160 et
908 2118 1114 2160 Moesiam
1145 2117 1407 2173 superiorem
1431 2117 1624 2159 Romano
1655 2115 1818 2158 addidit

263 2189 440 2244 imperio
451 2187 485 2244 3)
518 2204 651 2244 usque
683 2189 735 2230 ad
766 2189 1009 2230 Danuvium
1039 2189 1201 2244 primus
1231 2189 1522 2230 Romanorum
1554 2202 1816 2244 progressus.

380 2259 602 2301 Postremo
629 2259 683 2301 M.
709 2260 912 2302 Lucullus
944 2260 1091 2302 consul
1117 2275 1226 2301 anno
1255 2261 1309 2302 73
1341 2259 1385 2301 in
1410 2257 1701 2301 Macedoniam
1724 2273 1817 2314 pro-

264 2330 445 2372 vinciam
481 2331 697 2385 profectus
736 2345 827 2372 esse
871 2330 976 2372 mihi
1014 2330 1199 2385 videtur3
1238 2345 1495 2386 quamquam
1531 2332 1674 2371 autem
1710 2329 1817 2372 Dru-

263 2517 441 2554 obtinuit’
470 2518 508 2553 et
525 2516 645 2553 Amm.
666 2517 779 2553 Marc.
800 2518 824 2552 1.
845 2518 888 2554 l.:
916 2517 1080 2564 ‘Oppida
1105 2517 1204 2553 enim
1229 2517 1269 2553 in
1295 2519 1459 2563 Bosporo
1485 2516 1561 2552 sita
1586 2518 1625 2552 et
1651 2516 1816 2562 Propon-

265 2576 344 2612 tide
370 2577 509 2612 classes
535 2575 729 2612 obtinuere
754 2576 970 2613 Romanae.’

385 2648 419 2693 1)
444 2646 598 2683 Minime
611 2658 698 2683 vero
712 2647 827 2684 verba
838 2646 1007 2682 Frontini
1027 2646 1142 2682 errori
1161 2647 1361 2683 tribuenda
1379 2647 1498 2692 erunt,
1518 2645 1558 2681 id
1578 2647 1679 2691 quod
1698 2646 1818 2683 voluit

266 2706 542 2741 Gundermann.

384 2781 420 2823 2)
447 2778 502 2815 Cf.
530 2778 664 2823 Obseq.
690 2788 721 2813 c.
746 2780 808 2813 59:
838 2776 1064 2812 ‘Adversum
1090 2777 1242 2813 Maedos
1267 2776 1369 2813 varie
1394 2775 1640 2812 dimicatum?

385 2852 420 2892 3)
446 2848 498 2884 Cf.
514 2848 758 2884 sRuf.Fest.
774 2851 813 2892 7;
837 2847 1033 2892 Flor.139‚
1050 2853 1087 2891 63
1113 2848 1217 2884 Eutr.
1243 2830 1281 2884 et'
1301 2848 1405 2884 oms.
1425 2848 1448 2883 1.
1469 2847 1505 2892 1.,
1530 2858 1606 2893 per.
1627 2851 1670 2882 92
1697 2848 1736 2882 et
1754 2849 1816 2890 ειη

267 2907 386 2943 Amm.
412 2907 525 2943 Marc.
550 2907 670 2943 XXIX
697 2912 729 2951 5,
755 2911 811 2942 22.
1143 2909 1149 2911 ”
