1976 3190
275 128 356 178 1'68
747 134 901 170 Sallusti
926 134 1174 170 Historiarum
1199 133 1263 170 lib.
1284 134 1367 169 iv.-

391 243 499 287 22²⁸.
561 242 705 285 Sorte
737 243 917 286 ductos
947 243 1072 286 fusti
1094 245 1262 310 necat.

389 358 494 404 App.
545 359 608 404 (IV
628 359 703 403 5D,
730 362 773 394 27
784 359 827 404 Κ,
856 362 898 394 10
910 358 952 404 G,
978 332 1017 394 Π·
1035 372 1070 405 p.
1091 364 1160 395 324
1173 359 1246 404 Br.)
1266 378 1311 385 *—
1331 358 1430 394 Serv.
1451 359 1501 394 ad
1520 358 1610 395 Aen.
1630 358 1664 394 H
1684 331 1763 395 201².
1776 380 1823 386 -

273 406 393 442 Schol.
426 406 517 440 Dan.
552 406 601 440 ad
626 406 716 442 Aen.
738 406 787 441 VI
808 411 862 442 22.
888 409 900 453 ΙΙ
925 407 1057 454 sortes]
1084 408 1200 442 sortes
1228 406 1306 442 FG
1333 407 1439 442 schol.
1466 406 1566 442 Dan.
1598 427 1642 432 —
1675 405 1807 442 ductos

274 455 404 488 duetus
430 454 530 489 codd.
553 453 678 489 Servii.
705 475 751 479 —
775 453 882 501 fusti]
907 453 1016 490 furtis
1043 455 1088 499 L,
1113 454 1203 490 furti
1227 454 1269 490 H
1274 454 1323 489 M
1328 454 1367 489 E
1391 454 1519 498 Servii,
1545 453 1639 490 susti
1659 453 1695 490 G·
1717 454 1800 493 &cho
1814 481 1822 491 .

273 502 373 537 Dan.
400 521 447 526 —
471 501 597 548 necat]
623 502 738 546 negat
763 501 846 537 LH
869 501 995 538 Servii.

391 570 556 610 Comm.
601 570 785 611 Crassum
805 572 955 611 dictum
974 584 1057 611 esse
1077 573 1191 612 docet
1209 572 1449 611 Plutarchus
1469 571 1529 610 Cr.
1548 585 1578 612 c.
1596 574 1668 611 10:
1686 585 1825 613 πεντα-

272 630 431 678 κοσίους
470 627 511 669 δὲ
548 630 640 678 τοὺς
670 630 847 684 πρώτους
867 661 876 670 .
890 661 899 670 .
913 661 922 670 .
934 661 942 670 .
963 630 1017 678 εἰς
1048 631 1288 682 πεντήκοντα
1320 630 1522 682 διανείμας
1553 629 1718 679 δεκάδας
1748 625 1821 682 ἀφ’

273 688 435 742 ἑκάστης
466 687 740 730 ἀπέκτεινεν
772 688 852 730 ἕνα
883 689 962 729 τὸν
992 689 1146 747 κλήρῳ
1178 690 1390 742 λαχόντα.

393 803 501 849 23*.
563 804 735 848 Omnis
766 805 919 847 Italia
950 808 1125 848 coacta
1155 805 1205 847 in
1237 804 1503 861 angustias
1527 804 1747 848 finditur
1775 804 1827 848 in

275 876 369 918 duo
402 876 774 931 promunturia,
806 876 1064 919 Bruttium
1096 879 1144 918 et
1176 875 1527 918 Sallentinum.

394 981 499 1026 App.
551 980 614 1025 (IV
635 983 678 1015 18
691 980 735 1025 D,
762 984 806 1015 33
820 981 863 1026 K,
892 985 933 1016 13
949 980 990 1026 G,
1016 980 1050 1015 II
1067 993 1102 1026 p.
1124 983 1192 1015 392
1206 980 1280 1026 ΒΥ.)
1299 1002 1345 1006 -
1365 980 1464 1016 Serv.
1485 981 1534 1015 ad
1554 979 1642 1016 Aen.
1662 980 1829 1028 1114oo.u

277 1027 446 1074 finditur]
471 1027 641 1062 funditur
663 1028 739 1063 FL
747 1028 800 1071 E,
826 1028 1010 1064 scinditur
1027 1029 1133 1074 vulyo
1151 1040 1175 1063 a
1196 1028 1368 1064 carrione
1387 1029 1436 1064 ad
1455 1029 1651 1073 Kritniwm,
1674 1028 1828 1065 finditur

277 1077 385 1112 etiam
411 1076 515 1111 Mela
540 1077 661 1122 leye'sse
686 1077 836 1112 videtum
864 1097 907 1102 ——
933 1075 988 1123 in]
1015 1075 1112 1111 inter
1138 1076 1217 1112 FC.

396 1182 505 1227 24³⁸.
566 1182 748 1226 Italiae
780 1183 931 1239 plana
962 1199 1015 1226 ae
1046 1183 1231 1226 mollia.

395 1288 501 1334 App.
552 1289 615 1334 (IV
637 1292 678 1324 17
693 1289 736 1334 D,
763 1294 807 1324 32
821 1289 864 1333 K,
894 1292 936 1324 15
951 1288 993 1334 G,
1018 1289 1052 1324 II
1076 1301 1111 1334 p.
1132 1292 1199 1324 401
1214 1289 1288 1334 Br.)
1308 1310 1354 1314 —-
1374 1288 1472 1325 Serv.
1497 1289 1547 1324 ad
1564 1288 1655 1324 Aen.
1673 1288 1726 1324 ΠΙ
1743 1292 1828 1324 522:

279 1335 467 1370 ‘naturam
491 1335 706 1381 provinciae
727 1336 902 1381 ostendit,
929 1337 1028 1381 quod
1053 1347 1180 1371 verum
1206 1337 1263 1371 est
1282 1335 1321 1370 in
1340 1335 1406 1371 illo
1426 1335 1597 1372 transitu.
1639 1335 1691 1372 Ut
1709 1335 1830 1371 Sallu-

278 1382 385 1418 stius’
408 1394 438 1418 e.
460 1395 493 1427 q.
516 1395 542 1419 s.
563 1386 575 1426 ΙΙ
593 1384 723 1430 plana]
748 1384 860 1429 plena
885 1384 985 1427 LM,
1009 1383 1121 1429 plano
1148 1384 1197 1419 H.
1226 1405 1268 1410 —
1295 1395 1339 1419 ac
1363 1383 1509 1430 mollia]
1535 1385 1649 1428 atque
1672 1382 1831 1419 humilia

277 1431 370 1466 coni.
392 1431 536 1477 Hayeu,
561 1431 673 1466 Italia
791 1431 915 1466 mollis
941 1431 1154 1476 Stephanus.

396 1500 561 1540 Oomm.
623 1501 896 1554 Significatam
936 1514 1018 1541 esse
1059 1501 1284 1541 Calabriam
1325 1504 1364 1540 et
1403 1501 1595 1552 Apuliam
1633 1515 1654 1540 e
1695 1500 1833 1541 Servio

278 1561 424 1613 elucet3
447 1574 569 1612 quare
590 1562 772 1612 sequitur
790 1561 932 1600 Kritzii
951 1561 1266 1613 fragmentorum
1285 1561 1461 1601 ordinem
1480 1573 1563 1600 esse
1582 1561 1829 1623 mutandum.

397 1674 473 1720 25.
535 1675 608 1718 Ad
647 1676 874 1719 Sieiliam
911 1691 1123 1733 vergens
1160 1676 1394 1718 faucibus
1431 1675 1561 1731 ipsis
1598 1683 1829 1719 nonam-

278 1746 418 1802 plius
449 1750 594 1802 patet
625 1748 836 1790 milibus
868 1748 1091 1803 quinque
1124 1750 1171 1789 et
1202 1747 1432 1804 triginta.

400 1853 505 1898 App.
556 1853 619 1899 (IV
641 1857 683 1888 19
697 1853 740 1898 D,
767 1857 812 1888 34
825 1853 868 1898 K,
897 1857 940 1888 14
955 1852 996 1898 G,
1022 1853 1056 1887 II
1079 1865 1115 1898 p.
1135 1856 1204 1888 408
1218 1852 1292 1898 Br.)
1318 1873 1362 1878 —
1387 1851 1494 1888 Arus.
1519 1863 1554 1897 p.
1575 1854 1654 1887 500.

399 1960 506 2006 26³³.
567 1961 751 2004 Italiae
789 1961 1016 2004 Siciliam
1055 1961 1378 2004 coniunctam
1416 1962 1617 2003 constat
1652 1958 1832 2014 fuisse,

280 2032 365 2074 sed
395 2032 611 2074 medium
638 2032 859 2088 spatium
885 2035 970 2074 aut
995 2047 1085 2087 per
1108 2031 1456 2074 humilitatem
1487 2031 1726 2073 obrutum
1756 2032 1834 2072 est

280 2106 366 2145 aut
392 2118 480 2158 per
506 2103 793 2160 angustiam
819 2103 1043 2146 scissum.
1087 2094 1154 2146 'Ut
1179 2105 1344 2144 autem
1370 2116 1572 2144 curvom
1597 2100 1683 2156 sit,
1707 2099 1833 2143 facit

279 2177 462 2217 natura
491 2174 746 2216 mollioris
777 2173 975 2225 Italiae,
1007 2174 1057 2216 in
1083 2189 1228 2230 quam
1257 2173 1512 2229 asperitas
1537 2175 1586 2215 et
1611 2170 1833 2215 altitudo

281 2245 490 2287 Siciliae
524 2247 718 2287 aestum
750 2245 939 2287 relidit.

398 2362 503 2407 App.
553 2362 617 2407 (IV
638 2367 682 2396 20
691 2362 734 2406 D,
756 2366 799 2396 35
811 2362 854 2407 K,
876 2366 919 2397 15
931 2362 972 2407 G,
992 2362 1026 2397 Π
1043 2375 1077 2407 p.
1093 2365 1161 2397 400
1173 2373 1224 2406 sq.
1237 2362 1310 2406 ΒΓ.)
1325 2382 1369 2387 -
1384 2361 1482 2397 Serv.
1503 2340 1552 2396 ad
1571 2360 1661 2396 Aen.
1681 2359 1733 2395 111
1750 2363 1830 2396 414.
1901 2381 1904 2384 -

282 2431 325 2436 —
359 2410 399 2444 E
427 2409 548 2445 Servio
585 2410 782 2445 hauserunt
820 2409 939 2445 Schol.
979 2410 1027 2444 ad
1059 2409 1151 2445 Stat.
1184 2409 1298 2444 Theb.
1325 2409 1375 2443 III
1400 2411 1468 2443 597
1501 2409 1578 2452 (ubi
1611 2409 1704 2444 deest
1737 2408 1834 2443 locus

283 2459 323 2493 iu
341 2457 413 2502 M),
432 2456 595 2491 Isidorus
615 2456 706 2501 orig.
727 2456 812 2491 XIII
834 2460 887 2501 18,
902 2461 934 2500 3,
960 2461 1144 2501 maeterea
1162 2456 1211 2492 id.
1232 2456 1317 2491 XIV
1337 2459 1369 2499 6,
1390 2459 1450 2491 34:
1473 2454 1688 2490 ‘Sallustius
1707 2455 1832 2490 autem

282 2505 415 2540 Italiae
442 2503 534 2539 dicit
559 2503 795 2539 coniunctam
818 2503 931 2539 fuisse
952 2503 1128 2548 Siciliam,
1156 2504 1221 2539 sed.
1245 2503 1409 2538 medium
1433 2502 1575 2548 impetu
1599 2501 1712 2537 maris
1739 2500 1832 2537 divi-

283 2565 363 2587 sum
389 2554 427 2588 et
450 2563 516 2597 per
541 2550 754 2597 angustiam
775 2551 955 2587 soissum'
977 2554 988 2597 11
1008 2550 1190 2598 Siciliam]
1217 2549 1366 2586 Siciliae
1388 2551 1424 2584 P
1444 2550 1547 2585 schol.
1570 2549 1660 2585 Stat.
1687 2549 1742 2594 (in
1765 2559 1834 2594 quo

283 2599 431 2635 Italiam
458 2598 608 2634 Siciliae
633 2600 737 2645 vulyo
762 2600 904 2643 editur).
925 2621 971 2624 —
994 2598 1245 2644 coniunctam]
1271 2597 1437 2632 iunctam
1455 2598 1550 2633 schol
1581 2596 1672 2632 Stat.
1698 2617 1744 2622 —-
1758 2601 1834 2642 'per

282 2646 550 2693 humilitatem]
575 2648 727 2692 propter
750 2647 855 2682 schol.
884 2646 1002 2682 Statii.
1031 2667 1074 2672 —
1102 2646 1291 2691 obrutum]
1317 2645 1516 2690 obruptum
1538 2644 1626 2679 ΗΕ
1649 2643 1775 2687 Servii,
1801 2643 1837 2678 P

281 2695 387 2730 schol.
415 2694 523 2737 Stat,
556 2695 703 2739 quidam
728 2694 864 2729 Isidori
895 2695 996 2737 libri,
1028 2694 1227 2739 abruptum
1253 2692 1359 2737 aquis
1384 2693 1489 2738 vulyo
1514 2693 1556 2727 in
1579 2692 1737 2734 Isidoro,
1768 2690 1833 2726 ab·

284 2743 434 2787 ruptum
459 2742 625 2777 Isidorus
648 2742 830 2786 scripsisse
854 2742 1012 2785 videtur,
1038 2753 1118 2777 cwm
1148 2742 1250 2776 haece
1274 2740 1506 2784 confuuderet
1529 2750 1609 2775 cum
1633 2739 1719 2782 illis,
1743 2749 1834 2784 quae

285 2801 365 2824 mom
397 2790 438 2824 cle
470 2789 607 2835 Rheyio
637 2790 735 2824 dicta
765 2801 789 2824 α
821 2788 993 2824 Sallustio
1024 2793 1118 2824 sumt.
1154 2810 1200 2813 —
1234 2788 1276 2822 ut
1307 2787 1447 2833 autem]
1479 2788 1521 2821 ut
1552 2783 1640 2821 dum
1665 2785 1703 2820 P
1727 2785 1830 2820 schol.

285 2836 387 2880 Stat„
414 2838 479 2870 aut
505 2836 591 2870 dum
616 2837 722 2882 wolffo
746 2837 787 2871 iu
807 2835 932 2879 Statio,
957 2837 999 2870 ut
1024 2837 1149 2870 autem
1174 2837 1252 2869 tam
1272 2833 1587 2882 postrFa-bricium
1605 2832 1766 2868 Gerlach.
1788 2852 1832 2857 -

283 2888 366 2919 (mie
391 2883 578 2918 molliores
604 2885 687 2919 adcl.
715 2881 923 2918 humilioris
950 2884 988 2918 et
1013 2883 1171 2918 Dietsch.

1966 1562 1973 1584 ἱ
