1916 3178
807 148 1097 190 ,75-

255 249 258 253 ’
300 251 627 310 '‘³'‘Poeftat'mv
670 251 934 309 οἰκουμένης
969 255 1019 297 τὸ
1056 252 1219 310 μέτρον
1264 252 1497 311 ἐξέφυγεν,
1534 254 1646 298 ἀλλὰ
1683 257 1735 298 τὰ

123 314 152 387 f}
241 354 276 360 -
315 327 458 368 α’τῶν
478 324 630 368 ἐθνῶν
655 323 728 368 καὶ
753 332 843 368 τῶν
862 324 1082 381 βασιλέων
1109 326 1155 368 οἱ
1178 327 1477 369 δυνατώτατοι
1502 330 1734 382 περιελαμ-

116 388 276 454 4Ῐῇᾖῗν
326 411 353 440 ο
393 396 448 439 cf.
492 411 590 439 cum
632 394 743 452 App.
781 397 856 439 94:
900 398 1131 452 βασιλεῦσι
1174 413 1219 440 τε
1262 396 1334 440 καὶ
1378 397 1618 448 δυνάσταις
1661 397 1735 441 καὶ

90 458 190 522 [ζ’-
316 465 418 511 καὶ
447 469 603 512 πόλεσι
633 472 741 511 πᾶσι
773 466 1034 511 ἐπέστελλον
1068 468 1112 519 ἐς
1142 469 1285 511 παντα
1317 469 1647 525 συλλαμβανειν
1672 476 1732 528 τῷ

27 547 30 551 ’
91 521 395 607 ,ι”ἶῆμ-ηίφ.
454 538 683 582 Praeterea
714 539 766 581 de
797 539 1000 595 periculo,
1032 540 1145 595 quod
1178 555 1254 595 per
1284 540 1455 595 plebem
1481 540 1734 583 imminebat

29 601 32 602 ⁷
71 599 120 654 ’ζί
156 598 326 655 ΜΞ
335 610 520 667 consuli,
550 610 765 666 discrepat
790 610 1049 653 Plutarchus
1081 626 1106 652 a
1131 610 1289 666 Dione3
1319 626 1504 666 namque
1537 612 1607 654 hic
1638 628 1734 655 con·

21 706 24 711 ·
75 678 116 744 ,13⁶³
122 681 297 727 ‘fidem
327 683 478 726 contra
508 681 741 726 Gabinium
779 683 962 739 superbe
1001 698 1045 725 se
1077 686 1299 740 gerentem
1331 683 1446 738 facit,
1478 683 1735 726 Plutarchus

66 757 125 806 ἐξ
148 751 283 799 ΜΟ
294 753 507 796 adversus
549 753 692 810 ipsum
729 754 994 810 Pompeium
1065 754 1225 797 Contra
1266 770 1363 797 cum
1403 754 1526 797 Livio
1566 755 1736 798 videtur

31 817 36 820 .
66 815 123 887 {1
148 822 403 871 ‘mentire
431 824 711 877 Plutarchus;
745 826 905 868 etenim
937 841 1034 869 cum
1060 826 1144 868 Dio
1170 826 1402 869 Gabinium
1434 826 1478 868 in
1511 827 1734 883 rogatione

144 901 254 941 ‘flu
271 896 464 940 nondum
501 896 696 954 Pompeii
738 913 895 940 nomen
932 898 1170 954 appellasse
1206 901 1352 940 narret
1389 897 1619 955 (ἄντικρυς
1654 895 1735 953 μὲν

93 986 105 1022 ,ζ
122 980 124 986 “
156 969 266 1027 W*-
263 967 357 1012 οὐκ
386 965 555 1026 scaev),
585 969 845 1012 Plutarchus
877 970 1028 1012 tradit:
1066 972 1230 1025 ἔγραψε
1263 967 1313 1013 δε
1345 971 1557 1025 Γαβίνιος
1589 995 1643 999 —
1678 995 1733 999 ——

86 1035 101 1066 i>
158 1041 332 1097 φθόρον
345 1040 403 1084 οὐ
444 1043 715 1098 ναυαρχίαν,
759 1042 970 1098 ἄντικρυς
1013 1039 1063 1084 δε
1105 1043 1350 1098 μοναρχίαν
1394 1041 1512 1099 αὐτῷ
1552 1011 1735 1084 διδόντα

151 1113 291 1169 :itque
328 1111 530 1155 similiter
566 1112 760 1155 Velleius
790 1112 831 1155 H
864 1115 939 1156 31:
983 1113 1078 1155 Cn.
1117 1113 1349 1168 Pompeius
1394 1113 1448 1154 ad
1486 1127 1559 1155 eos
1597 1113 1735 1191 oppri-

2 1194 6 1244 31
57 1212 92 1243 5·1
151 1182 337 1232 nendos
372 1183 652 1226 mitteretur'
721 1183 887 1235 Quibus
925 1184 976 1226 de
1015 1183 1154 1226 causis
1192 1183 1322 1225 huius
1358 1183 1512 1239 capitis
1549 1183 1735 1239 priorem

2 1247 4 1273 5
153 1255 324 1312 purtem
352 1254 466 1298 Livii
498 1270 592 1298 esse
623 1255 820 1298 arbitror.
877 1255 961 1298 Sed
993 1255 1133 1298 Catuli
1161 1258 1310 1298 contra
1335 1255 1477 1312 legem
1509 1254 1735 1297 Gabiniam

2 1326 4 1332 ’
151 1325 295 1370 oratio
337 1329 382 1369 et
417 1327 564 1370 Roscii
597 1327 874 1370 contionandi
913 1330 1092 1369 conatus
1130 1343 1152 1369 e
1185 1326 1390 1369 Sallustio
1428 1327 1591 1369 inserta
1622 1329 1735 1382 sunt,

44 1449 46 1455 γ
155 1412 258 1442 omn·
290 1397 418 1455 plane
455 1399 712 1442 conveniant
748 1414 846 1442 cum
877 1398 1017 1441 Dione
1055 1414 1088 1441 c.
1116 1400 1191 1454 30,
1227 1398 1388 1454 Xiphil.
1415 1415 1454 1454 p.
1481 1400 1521 1454 5,
1552 1398 1651 1441 Sall.
1684 1399 1733 1439 fr.

53 1474 71 1490 '·
154 1468 284 1514 V·162
339 1469 584 1527 Utrumque
610 1473 755 1513 autem
786 1486 811 1513 a
829 1470 1063 1512 Plutarcho
1096 1470 1209 1512 inter
1239 1470 1378 1512 aliena
1410 1470 1615 1512 iniectum
1642 1485 1734 1512 esse

154 1548 313 1598 pravus
343 1557 488 1586 rerum
518 1543 622 1586 ordo
655 1543 918 1599 comprobat.
952 1568 1005 1572 —
1039 1542 1242 1585 Proximo
1275 1541 1456 1598 capite.
1476 1543 1532 1585 26
1564 1541 1734 1584 Livium

154 1626 306 1657 rursus
341 1613 479 1657 veneri
516 1617 642 1671 puto3
682 1629 868 1670 namque
908 1614 1167 1657 Plutarchus
1212 1629 1261 1656 eo
1300 1613 1368 1656 die
1408 1628 1493 1669 quo
1534 1613 1603 1655 lex
1644 1628 1734 1669 per—

154 1685 331 1729 ferenda
368 1687 460 1728 erat
497 1685 752 1742 Pompeium
788 1686 928 1729 Roma
967 1685 1122 1728 exiisse
1161 1685 1284 1742 dicit3
1326 1685 1410 1728 Dio
1454 1688 1604 1727 contra
1641 1685 1735 1740 ipso

157 1756 235 1805 illo
265 1756 339 1800 die
365 1759 411 1800 et
434 1756 691 1814 Pompeium
722 1760 766 1800 et
792 1757 901 1800 alios
926 1757 1090 1800 Romae
1115 1757 1339 1800 contiones
1364 1757 1566 1799 habuisse
1592 1757 1734 1798 refert.

154 1827 495 1887 &aufrigium
532 1832 781 1886 quattuor
817 1829 985 1887 legatos
1022 1829 1229 1885 Pompeio
1268 1829 1391 1872 datos
1429 1844 1522 1871 esse
1554 1843 1734 1871 comme-

155 1903 315 1958 morat,
369 1901 446 1944 sed
489 1902 603 1958 apud
651 1901 836 1944 Dionem
885 1901 1087 1958 legimus:
1142 1900 1412 1958 προς-ἔταξαν
1462 1901 1580 1958 αὐτῷ
1625 1899 1734 1943 ὑπο-

155 1973 430 2031 στρατήγους
470 1989 516 2017 τε
559 1975 948 2017 πεντεκαίδεκα.
1021 1972 1071 2025 In
1108 1973 1300 2015 numeris
1339 1975 1484 2015 autem
1522 1971 1734 2014 exercitus

153 2043 363 2102 Pompeio
393 2043 484 2087 dati
521 2044 681 2101 partim
719 2059 816 2087 cum
846 2043 1046 2101 Appiano
1079 2044 1291 2101 congruit,
1327 2043 1485 2100 partim
1518 2043 1735 2099 dissentit3

129 2116 304 2174 >imque
334 2116 400 2159 illi
429 2131 518 2160 non
549 2131 573 2159 e
604 2116 816 2160 Strabone
847 2116 974 2172 petiti
1007 2119 1126 2172 sunt,
1156 2116 1303 2172 potius
1334 2131 1357 2158 e
1387 2115 1522 2158 Livio.
1589 2113 1734 2171 Atque

154 2187 243 2232 im
272 2190 400 2232 antea
422 2187 609 2232 vidimus
640 2188 754 2231 inter
778 2188 889 2231 Livii
915 2191 959 2230 et
985 2187 1212 2231 Strabonis
1238 2188 1380 2230 fontes
1406 2187 1733 2230 similitudinem

156 2258 358 2317 amquam*
377 2259 650 2303 intercedere.
706 2260 842 2303 Porro
874 2260 972 2302 inde
1005 2275 1030 2302 a
1054 2259 1198 2302 verbis
1229 2260 1283 2303 οὐ
1314 2257 1397 2315 μὲν
1427 2258 1538 2302 ἀλλὰ
1571 2259 1733 2302 διελὼν

153 2328 209 2376 ’τὰ
243 2331 423 2388 πελάγη
450 2330 592 2388 ipsum
629 2331 792 2374 bellum
833 2347 1029 2374 enarrare
1061 2331 1321 2373 Plutarchus
1359 2331 1510 2387 incipit
1543 2331 1732 2386 adeoque

155 2412 254 2447 cum
277 2400 478 2460 Appiano
510 2403 724 2460 congruit,
755 2406 804 2445 ut
829 2404 935 2446 haec
960 2403 1163 2446 Straboni
1189 2403 1330 2459 capita
1355 2402 1608 2445 vindicanda
1633 2402 1733 2457 sint,

155 2474 278 2523 sicut
307 2474 363 2517 'de
405 2473 626 2531 tripertito
664 2474 778 2517 inter
820 2475 989 2532 legatos
1026 2475 1152 2530 mari,
1194 2475 1245 2517 de
1286 2475 1421 2517 altera
1462 2474 1732 2530 expeditione

155 2540 443 2604 quadraginta
488 2546 640 2589 diebus
686 2546 902 2602 absoluta,
950 2546 1001 2588 de
1041 2546 1329 2602 praedonibus
1377 2562 1453 2588 sua
1494 2549 1646 2602 sponte
1687 2560 1733 2587 se

157 2617 471 2661 subicientibus
497 2621 626 2674 atque
653 2617 751 2660 dein
776 2618 822 2661 in
848 2617 1042 2661 Ciliciam
1066 2617 1359 2674 Achaiamque
1386 2617 1579 2659 deductis
1600 2615 1732 2658 omni-

157 2689 325 2746 busque
354 2689 452 2733 aliis
482 2689 529 2732 in
553 2689 693 2732 rebus.
743 2689 952 2738 Graecum
983 2692 1128 2732 autem
1155 2689 1407 2747 scriptorem
1433 2688 1732 2745 cognoscimus

157 2776 182 2804 e
217 2760 414 2804 versibus
445 2760 636 2816 Graecis,
675 2761 748 2817 qui
785 2761 972 2804 Athenis
1010 2762 1054 2804 in
1090 2761 1344 2817 Pompeium
1383 2760 1613 2817 conscripti
1645 2760 1732 2803 lau-

157 2833 324 2876 dantur.
398 2831 577 2876 Accedit
620 2833 735 2889 quod
784 2848 817 2876 c.
853 2835 913 2877 27
960 2834 1011 2876 de
1054 2833 1226 2876 Pisonis
1270 2832 1458 2875 consulis
1501 2834 1732 2889 apparatus

156 2904 336 2948 bellicos
360 2903 619 2962 impediendi
645 2907 802 2948 conatu
833 2905 972 2948 denuo
1004 2905 1207 2948 abhorret
1239 2919 1498 2962 magnopere
1530 2920 1555 2947 a
1580 2903 1732 2960 Dione,
