1916 3178
860 134 1149 188 *42—

230 252 454 295 ‘dissidere
504 252 615 293 inter
663 266 708 293 se
758 265 932 307 coepere
980 266 1117 307 neque
1173 251 1218 294 in
1267 250 1454 293 medium
1502 250 1783 309 consultare'3

230 321 444 380 ὀφθέντες
491 320 530 364 δ’
575 322 661 364 ὑπὸ
707 323 831 365 δυεῖν
873 329 1097 377 γυναικῶν
1149 321 1474 379 προθυομένων
1518 329 1612 374 τοῖς
1654 325 1782 366 πολε-

229 396 344 450 μίοις
392 393 708 436 ἐκινδύνευσαν
764 407 860 435 cum
903 393 952 435 fr.
995 391 1057 435 IV
1102 393 1174 435 15:
1223 392 1352 435 ‘Cum
1401 392 1574 435 interim
1621 392 1782 436 lumine

231 465 454 507 etiamtum
486 463 647 506 incerto
679 463 785 506 duae
817 463 979 506 Galliae
1010 463 1209 506 mulieres
1235 466 1491 506 conventum
1521 463 1706 508 vitantes
1729 464 1783 507 ad

229 537 446 577 menstrua
477 534 677 576 solvenda
707 534 753 576 in
783 537 973 577 montem
1004 534 1262 577 ascendunt.’
1301 559 1355 564 —
1396 534 1594 577 Ceterum
1623 537 1783 580 rectam

229 621 319 648 esse
344 605 487 647 Peteri
519 605 775 647 sententiam
805 605 873 647 vel
905 620 953 647 ea
983 620 1028 647 re
1061 607 1353 661 confirmatur,
1385 605 1499 660 quod
1527 605 1783 650 Plutarchus

228 692 252 718 a
271 676 393 718 Livio
424 691 744 731 nonnumquam
770 676 977 718 dissentit.
1029 676 1147 719 Sicut
1178 691 1211 718 c.
1238 678 1263 719 8
1297 676 1657 733 duodeoctoginta
1680 676 1784 720 facit

228 747 484 804 gladiatores
534 747 766 803 fugientes,
808 747 955 789 Livius
966 745 999 804 1)
1055 750 1202 790 contra
1244 747 1516 804 septuaginta
1565 749 1784 804 quattuor3

229 833 261 860 c.
291 820 341 861 11
375 833 520 875 pugna
551 818 604 860 ad
631 817 917 861 Camalatrum
948 819 1060 861 facta
1088 820 1236 861 12300
1267 818 1473 875 fugitivos
1505 817 1664 861 occisos
1692 833 1784 862 esse

229 891 545 945 commemorat,
576 904 672 931 cum
697 887 887 945 Livius2)
919 904 940 931 e
972 904 1088 932 more
1114 905 1191 932 suo
1215 904 1440 931 numerum
1467 889 1623 932 habeat
1646 889 1784 938 multo

229 960 444 1003 maiorem.
516 959 721 1002 Attamen
762 960 1005 1017 prodigium
1049 960 1173 1015 illud,
1223 961 1336 1016 quod
1379 960 1580 1015 Spartaco
1622 960 1784 1003 Romae

230 1034 444 1086 evenerat,
475 1030 796 1087 Plutarchum³)
839 1047 926 1074 non
968 1047 989 1073 e
1027 1031 1228 1074 Sallustio
1267 1031 1495 1087 sumpsisse
1532 1031 1674 1086 credo,
1710 1030 1784 1074 sed

228 1105 277 1144 ut
307 1102 388 1144 hoc
419 1117 554 1158 genus
584 1103 707 1157 plura
737 1102 858 1144 Livio
891 1103 1052 1144 debere.

346 1172 473 1228 Apud
503 1173 708 1215 Florum
739 1172 786 1215 II
812 1174 837 1216 8
870 1173 992 1228 plura
1018 1188 1144 1228 quam
1170 1173 1274 1215 alias
1300 1173 1491 1216 Sallustii
1523 1172 1784 1228 conspiciun-

228 1246 300 1285 tur
330 1242 569 1300 vestigiafl)
630 1243 761 1286 Velut
793 1244 843 1286 de
875 1247 1080 1299 apparatu
1106 1244 1258 1286 bellico
1290 1259 1315 1285 a
1340 1243 1542 1299 Spartaco
1567 1243 1785 1286 instituto:

230 1313 531 1356 ‘adfluentibus
562 1314 607 1356 in
638 1314 749 1356 diem
781 1312 976 1371 copiis⁵)‚
1008 1329 1103 1356 cum
1134 1314 1220 1356 iam
1253 1317 1363 1356 esset
1394 1314 1531 1356 iustus
1563 1313 1785 1370 exercitus,

230 1400 252 1427 e
295 1385 526 1427 viminibus
568 1385 861 1440 pecudumque
904 1385 1165 1441 tegumentis
1208 1385 1447 1427 inconditos
1489 1384 1572 1427 sibi
1614 1384 1785 1440 clipeos,

229 1471 250 1497 e
295 1456 406 1498 ferro
451 1456 764 1512 ergastulorum
807 1458 974 1498 recocto
1013 1455 1178 1512 gladios
1223 1471 1271 1498 ac
1310 1455 1396 1498 tela
1440 1455 1653 1498 fecerunt’
1693 1458 1784 1511 etc„

229 1527 343 1582 quod
379 1530 573 1570 accurate
613 1526 825 1569 consentit
863 1542 959 1569 cum
996 1526 1094 1569 Sall.
1131 1527 1181 1568 fr.
1212 1526 1274 1570 IV
1301 1528 1322 1569 1
1358 1529 1400 1569 et
1432 1528 1470 1570 2.
1536 1526 1701 1569 Deinde
1731 1527 1783 1568 de

227 1599 374 1640 funere
413 1599 526 1653 quod
563 1597 789 1654 Spartacus
828 1597 952 1640 Crixo
991 1613 1015 1639 a
1045 1598 1250 1640 Romanis
1288 1613 1408 1640 caeso
1440 1597 1556 1653 facit,
1586 1597 1784 1640 dissentit

230 1685 254 1710 a
284 1669 405 1711 Livio
417 1667 464 1725 ⁶),
502 1669 574 1724 qui
611 1669 693 1711 hoc
730 1669 774 1710 in
805 1669 1010 1711 honorem
1041 1672 1259 1711 matronae
1296 1671 1469 1711 necatae
1501 1668 1662 1711 factum
1692 1683 1783 1711 esse

228 1740 371 1795 inepte
408 1743 570 1795 narrat3
607 1755 703 1782 oum
740 1743 883 1781 autem
921 1755 1016 1782 eum
1052 1739 1248 1795 Appiano
1287 1755 1318 1781 c.
1354 1741 1434 1782 117
1475 1740 1525 1782 de
1563 1739 1709 1782 eadem
1738 1754 1784 1782 re

228 1814 453 1867 congruat,
495 1826 583 1852 non
620 1811 769 1853 dubito
807 1810 911 1866 quin
949 1813 1127 1866 uterque
1164 1811 1246 1852 hoc
1283 1826 1304 1852 e
1342 1810 1544 1853 Sallustio
1581 1809 1782 1854 hauserit.

227 1882 421 1937 Denique
459 1882 510 1923 de
548 1885 702 1924 conatu
740 1882 931 1938 Spartaci
970 1882 1014 1924 in
1046 1881 1234 1935 Siciliam
1271 1881 1610 1938 transgrediendi
1641 1881 1783 1925 verbis

227 1953 314 1994 fere
347 1953 545 1995 convenit
583 1968 678 1995 cum
710 1952 807 1995 Sall.
839 1953 889 1994 fr.
914 1952 976 1995 IV
1001 1954 1038 1996 8.
1100 1952 1242 1995 Verba
1278 1955 1421 1994 autem
1452 1953 1647 1995 ‘effracto
1676 1952 1782 1995 Len-

227 2023 307 2065 tuli
345 2023 473 2079 ludo’,
511 2039 617 2079 quae
657 2023 786 2066 etiam
817 2024 929 2079 apud
958 2021 1260 2079 Eutropium⁷)
1298 2023 1518 2080 leguntur,
1561 2037 1583 2065 e
1614 2021 1781 2080 Livi08)

227 2095 433 2136 translata
464 2110 554 2137 esse
585 2095 792 2137 videntur.

344 2165 628 2221 Appianum
659 2166 871 2222 reliquum
897 2168 961 2208 est
992 2168 1040 2207 ut
1072 2165 1358 2207 demonstrem
1383 2165 1513 2207 etiam
1537 2165 1606 2207 his
1636 2165 1782 2221 capiti-

346 2297 381 2337 1)
408 2294 510 2330 Oros.
526 2294 557 2328 V
577 2298 633 2338 24,
655 2298 693 2337 13
718 2294 940 2339 Eutrop.VI
962 2298 999 2337 ’ἴς
1025 2305 1102 2338 per.
1129 2296 1195 2337 953
1218 2293 1313 2329 Vell.
1341 2293 1375 2327 II
1400 2297 1456 2328 30.

346 2355 381 2394 2)
408 2354 510 2389 Oros.
537 2353 560 2388 1.
587 2353 624 2398 1.,
649 2364 726 2398 per.
752 2358 808 2389 97.

345 2416 380 2456 3)
408 2416 491 2448 c.8:
521 2411 647 2459 Τούτῳ
673 2411 713 2447 δὲ
734 2411 959 2457 λέγουσιν,
986 2411 1045 2447 ὅτε
1071 2417 1218 2458 πρῶτον
1245 2408 1281 2452 ἐς
1300 2411 1442 2457 Ῥώμην
1459 2407 1558 2454 ’κτλης
1588 2411 1634 2446 cf.
1662 2410 1778 2447 etiam

226 2471 379 2506 Iudeich
404 2483 439 2516 p.
466 2475 511 2506 45
537 2473 575 2506 et
601 2470 688 2506 Otto
715 2483 750 2516 p.
777 2474 856 2507 264.

344 2532 381 2574 4)
409 2529 513 2564 Sicut
536 2530 612 2565 iam
636 2529 783 2565 viderat
807 2529 915 2574 Heyn
939 2541 974 2574 p.
1002 2533 1057 2565 52.

345 2592 379 2631 ὃ)
405 2588 455 2623 Et
478 2589 610 2624 verba:
651 2588 923 2623 ‘adfluentibus
957 2588 997 2622 in
1030 2587 1130 2623 diem
1162 2588 1280 2634 copiis
1312 2599 1396 2623 cum
1425 2587 1503 2623 iam
1527 2587 1648 2623 iustus
1680 2589 1782 2624 esset

227 2648 432 2683 exercitus’
468 2659 512 2683 ex
538 2647 763 2683 Sallustiano
797 2659 964 2682 sermone
996 2647 1221 2692 deprompta
1252 2658 1332 2682 esse
1364 2647 1502 2682 collato
1529 2646 1667 2692 Sulpic.
1695 2647 1777 2682 Sev.

227 2707 350 2742 chron.
377 2707 411 2742 II
436 2711 492 2751 20,
518 2711 539 2741 2
565 2706 663 2742 vidit
687 2706 808 2752 Vogel
831 2705 872 2740 in
896 2707 969 2742 act.
996 2717 1085 2741 sem.
1110 2706 1262 2750 Erlang.
1288 2705 1322 2740 II
1345 2717 1382 2751 p.
1407 2709 1488 2741 438.

347 2769 382 2811 6)
409 2766 461 2802 Cf.
489 2765 592 2801 Oros.
617 2765 641 2801 1.
666 2765 692 2801 l.
717 2769 737 2808 ξ
763 2770 795 2801 3.

349 2827 383 2867 7)
410 2823 591 2859 Similiter
617 2825 743 2861 autem
769 2824 872 2860 Oros.
898 2825 934 2859 et
962 2823 1056 2859 Vell.
1081 2824 1105 2859 1.
1132 2824 1168 2869 1.,
1193 2835 1270 2869 per.
1297 2827 1353 2860 95.

347 2885 383 2929 8)
409 2867 551 2918 Iniuria
574 2884 690 2929 igitur
715 2883 834 2929 Vogel
859 2883 958 2918 hunc
983 2882 1162 2919 sermonis
1187 2882 1381 2918 flosculum
1407 2880 1584 2918 Sallustio
1608 2881 1755 2918 tribuit.
