1976 3190
724 144 952 190 Fragmenta
979 147 1175 180 101—108.
1655 143 1739 184 155

162 258 339 311 Dietsch,
367 258 607 299 Sallustium
632 258 758 310 egisse
790 270 838 296 ne
864 256 1029 296 minimo
1063 257 1226 307 quidem
1251 257 1421 309 vestigio
1456 258 1634 307 apparet.
1686 255 1742 295 At

162 321 270 359 certe
303 318 493 359 Germani
529 320 571 358 et
606 319 772 357 fuerunt
808 317 851 355 in
887 316 1153 368 fugitivorum
1192 317 1367 356 exercitu
1406 319 1446 356 et
1485 330 1508 355 a
1547 316 1740 356 Sallustio

164 378 326 430 saepius
356 379 398 418 in
430 378 569 419 eodem
600 377 795 428 appellati
826 378 937 415 sunt:
970 376 1108 426 itaque
1140 377 1336 428 fugitivos
1368 376 1474 416 hisce
1504 376 1740 428 fragmentis

163 438 292 479 dictos
329 451 413 478 esse
447 438 558 478 haud
588 436 816 489 negandum
847 438 918 475 est.
980 435 1163 487 Accedit,
1203 437 1311 486 quod
1348 449 1428 476 non
1466 450 1513 475 ex
1546 437 1739 487 ampliore

164 497 457 539 Germanorum
504 510 662 537 morum
710 496 941 548 ingeniique
992 496 1257 546 descriptione
1308 496 1534 548 fragmenta
1579 497 1742 547 sumpta

164 559 270 611 sunt,
296 558 366 598 sed
390 558 438 598 de
463 556 707 610 tegumentis
733 558 894 595 tantum
920 569 1058 595 eorum
1083 558 1256 606 utroque
1277 556 1364 595 loco
1391 556 1544 607 agitur:
1578 556 1741 606 quibus-

150 613 255 658 ‘cum
293 618 327 657 si
363 618 610 670 fragmenta,
649 629 752 667 quae
789 616 907 656 modo
941 615 1230 654 antecedebant
1268 617 1308 654 et
1347 615 1493 666 quibus
1532 617 1578 655 de
1618 616 1742 655 scutis

163 677 366 729 armisque
386 677 653 730 fugitivorum
671 677 845 715 relatum
859 678 930 726 est,
951 675 1328 726 comparaverimus,
1349 676 1412 714 vel
1426 676 1555 727 magis
1570 676 1744 715 elucebit

163 737 393 790 Germanos,
427 749 527 788 quos
558 736 742 776 nominat
772 736 834 774 his
865 735 962 775 locis
989 735 1219 787 Sallustius,
1254 735 1295 773 in
1322 735 1590 787 fugitivorum
1622 735 1744 774 fuisse

162 810 341 837 numero.
391 796 576 848 Apposui
599 809 693 836 vero
719 796 958 848 fragmenta,
990 795 1060 834 ubi
1087 795 1257 834 maxime
1289 795 1331 833 hi
1358 795 1547 834 Germani
1574 808 1742 834 comme-

162 857 346 898 morandi
383 859 513 908 erant,
552 855 704 896 scilicet
735 856 777 894 in
808 855 959 906 proelio
993 869 1057 907 eo,
1097 868 1176 905 quo
1210 854 1326 894 Crixo
1365 855 1463 893 duce
1497 854 1686 894 Germani
1719 868 1742 893 a

162 917 325 958 consule
351 917 498 956 devicti
524 916 708 966 caesique
729 918 840 967 sunt3
868 928 1008 966 nempe
1036 915 1086 953 ad
1111 927 1290 967 pugnam
1311 915 1492 965 aliquam
1516 915 1744 966 fragmenta

163 978 343 1028 spectare
375 990 423 1016 ex
453 976 638 1015 nuditate
671 975 962 1015 Germanorum
999 976 1237 1026 memorata,
1277 988 1359 1025 qua
1396 975 1437 1013 in
1475 974 1639 1024 proeliis
1679 987 1745 1013 eos

163 1037 226 1076 uti
257 1036 396 1077 solitos
428 1049 512 1076 esse
545 1037 715 1087 constat,
748 1035 870 1074 etiam
902 1035 1171 1074 confirmatur.

287 1127 397 1173 106.
471 1127 536 1170 Et
586 1127 758 1170 eodem
809 1130 1041 1182 tempore
1085 1126 1337 1169 Lentulus
1389 1127 1586 1182 duplici
1638 1127 1746 1169 acie

165 1200 333 1244 locum
365 1199 559 1244 editum
589 1199 751 1242 multo
784 1198 1035 1256 sanguine
1061 1213 1266 1241 suorum
1292 1198 1573 1255 defensum,
1606 1202 1745 1254 post-

165 1287 314 1329 quam
345 1287 404 1315 ex
442 1271 661 1315 sarcinis
699 1271 1064 1327 paludamenta
1103 1273 1280 1312 extare
1319 1273 1368 1312 et
1406 1270 1635 1313 delectae
1668 1286 1746 1314 co-

164 1345 342 1388 hortes
373 1343 618 1401 intellegi
650 1358 877 1399 coepere.

285 1438 393 1485 App.
445 1437 511 1484 (111
532 1440 576 1472 70
588 1437 634 1483 D,
661 1440 706 1472 80
720 1437 764 1482 K,
792 1441 836 1472 77
851 1437 894 1482 G,
920 1437 954 1472 Π
978 1449 1013 1483 p.
1036 1441 1102 1472 311
1119 1437 1194 1482 ΒΥ.)
1220 1458 1267 1462 —-
1292 1436 1437 1471 Nonius
1464 1437 1550 1472 XIV
1575 1450 1609 1482 p.
1632 1441 1711 1473 538.

166 1487 307 1534 locum]
332 1487 488 1533 longum
512 1486 627 1529 codd„
653 1497 744 1522 corr.
766 1486 960 1521 Bentinus.
991 1507 1038 1510 —
1070 1484 1280 1531 defensum]
1309 1484 1483 1520 defensus
1511 1485 1655 1529 LHG,
1683 1485 1746 1521 de-

166 1534 287 1572 fessus
313 1535 466 1579 Bamb.,
491 1545 581 1570 corr.
605 1533 732 1578 Kritz,
766 1532 939 1568 defensas
965 1534 1057 1568 coni.
1085 1533 1130 1568 L.
1152 1533 1302 1568 Mu'ller.
1336 1554 1383 1558 —-
1415 1533 1589 1580 sarcinis]
1622 1533 1746 1568 arenis

166 1585 261 1620 coni.
282 1583 454 1630 Madfviq,
479 1580 666 1627 angustiis
690 1582 735 1617 L.
757 1581 910 1626 Mu'ller,
935 1582 997 1617 sed
1021 1582 1182 1617 exercitu
1207 1581 1376 1616 Romano
1397 1582 1645 1626 proficiscente
1667 1583 1746 1626 pri-

166 1643 266 1668 mwm
295 1632 482 1675 sarcinae,
514 1630 647 1676 quippe
674 1641 765 1675 quae
792 1630 908 1676 lonyis
935 1630 1086 1674 perticis
1116 1641 1225 1674 super
1255 1629 1442 1664 humerum
1473 1630 1566 1673 ferri
1596 1630 1747 1673 soleant,

166 1680 463 1726 compiciumtua·‚
489 1682 567 1714 tum
591 1679 699 1723 quasi
719 1678 908 1722 perlucent
933 1677 1314 1722 appropinquantium
1335 1678 1602 1722 paludamenta
1627 1689 1747 1712 arma-

167 1739 254 1774 φας,-
284 1728 407 1773 itaque
431 1737 511 1780 non
531 1730 594 1769 est,
619 1737 685 1761 οων
708 1726 818 1761 verba
849 1736 894 1760 ex
921 1724 1077 1759 sarcinis
1109 1726 1347 1778 immutemus,
1379 1746 1427 1750 —-
1459 1725 1605 1778 extare]
1630 1725 1748 1760 ostari

170 1774 364 1819 GBamb„
395 1775 514 1810 astari
539 1773 641 1818 LH,
672 1784 762 1810 corr.
784 1773 952 1817 Dietsch,
985 1774 1169 1808 ostentam
1194 1774 1287 1808 coni.
1309 1773 1438 1817 Kritz,
1462 1772 1608 1808 hastat1
1636 1774 1747 1809 Coler.

288 1839 460 1879 Comm.
520 1839 640 1878 Falso
666 1838 831 1877 Dietsch
863 1838 914 1877 ad
946 1851 1035 1878 eam
1059 1851 1239 1890 pugnam
1268 1838 1341 1877 hoc
1367 1839 1641 1890 fragmentum
1672 1840 1749 1877 ret-

168 1900 277 1952 tulit,
309 1912 391 1951 qua.
417 1899 636 1950 Spartacus
663 1898 779 1938 Crixo
806 1900 966 1938 mortuo
993 1898 1043 1937 ad
1069 1898 1382 1948 septentrionem
1408 1910 1621 1937 conversus
1647 1898 1748 1937 Len-

168 1960 316 2011 tulum,
346 1972 440 1999 mox
465 1958 641 1999 Gellium
672 1958 781 1998 vicit.
842 1958 899 1996 At
929 1958 1010 1996 illis
1042 1958 1205 2008 proeliis
1237 1971 1316 1997 non
1348 1958 1547 1997 Lentulus
1577 1958 1748 2006 Gellius-

171 2033 250 2072 que
281 2019 402 2058 simul
431 2019 714 2070 interfuerunt,
747 2018 815 2057 sed
846 2018 1027 2070 singulos
1059 2018 1258 2068 oppressit
1287 2018 1517 2069 Spartacus,
1549 2018 1623 2057 hoc
1655 2031 1748 2057 vero

169 2080 396 2132 fragmento
429 2079 533 2118 alter
562 2078 703 2118 consul
728 2078 901 2117 Lentulo
933 2078 1110 2129 collegae
1140 2091 1256 2128 opem
1281 2077 1422 2117 tulisse
1455 2080 1591 2128 aperte
1619 2080 1748 2117 osten-

171 2139 299 2193 ditur3
331 2138 472 2178 deinde
496 2138 695 2177 Lentulus
722 2151 779 2189 ea,
813 2151 934 2188 quam
962 2138 1111 2177 dictam
1137 2150 1220 2177 esse
1246 2137 1412 2177 Dietsch
1436 2138 1579 2189 voluit,
1611 2151 1749 2189 pugna

170 2213 251 2239 non
270 2199 396 2238 locum
415 2199 560 2238 edium»
585 2198 798 2248 occupavit
818 2197 1086 2248 defenditque,
1107 2198 1175 2236 sed
1195 2197 1487 2237 munitionibus
1509 2198 1749 2248 Spartacum

170 2259 486 2310 circumsessum,
518 2271 567 2296 ne
592 2258 633 2296 in
661 2257 835 2297 Galliam
861 2258 1174 2308 transpadanam
1201 2258 1398 2309 evaderet,
1430 2258 1638 2308 prohibere
1666 2260 1749 2296 stu-

171 2319 273 2358 duit.
334 2317 465 2365 Quare
496 2317 619 2357 verba
651 2317 701 2356 ad
733 2318 906 2356 alterum
939 2317 1137 2367 proelium
1174 2318 1302 2357 refero
1335 2318 1409 2356 hoc
1442 2331 1545 2356 anno
1578 2319 1749 2369 gestum,

173 2391 254 2430 quo
292 2378 486 2429 Spartaco
524 2377 693 2417 Romam
734 2377 1001 2427 proficiscenti
1042 2377 1120 2417 duo
1162 2378 1344 2417 consules
1386 2377 1427 2415 in
1468 2391 1565 2429 agro
1605 2378 1749 2416 Piceno

173 2439 433 2479 occurrerunt
463 2437 642 2487 victique
674 2438 779 2476 sunt.

547 2564 837 2618 Fragmenta
868 2564 1074 2620 incerta,
1110 2563 1201 2608 107
1210 2591 1260 2596 -
1271 2564 1292 2607 l
1302 2563 1378 2610 10.

296 2648 405 2694 107.
466 2648 730 2691 Perculsis
761 2651 810 2690 et
843 2648 998 2691 animi
1031 2649 1246 2692 incertis
1278 2649 1611 2691 succurritur.

294 2744 402 2790 App.
447 2719 519 2789 ξΠΙ
540 2745 583 2778 75
596 2742 641 2788 D,
669 2746 713 2778 92
726 2742 771 2788 K,
798 2746 842 2778 93
857 2742 915 2788 G.)
939 2764 987 2769 —
1012 2743 1119 2779 Arus.
1146 2756 1180 2789 p.
1203 2747 1283 2778 487.

298 2827 407 2873 108.
469 2827 640 2870 Muros
672 2831 1039 2871 successerant.

295 2923 402 2970 App.
453 2922 519 2969 (ΙΠ
540 2925 583 2958 76
597 2922 641 2969 D,
669 2926 714 2957 93
727 2922 771 2969 K,
800 2926 843 2958 12
859 2922 901 2969 Gr,
928 2923 962 2958 H
985 2935 1020 2970 p.
1044 2926 1111 2959 103
1125 2923 1200 2970 Br.)
