1976 3190
281 202 363 242 146
757 199 911 235 Sallusti
936 199 1185 236 Historiarum
1210 201 1274 237 lib.
1295 202 1356 237 III.
1386 207 1391 216 “

897 381 1102 429 CAPUT
1140 383 1216 431 Vl.

559 471 819 515 Tumultus
852 472 1194 528 fugitivorum,
1228 448 1291 517 fu.
1319 473 1553 517 90—106.

930 588 1178 624 Enarratio.

393 662 519 705 Anno
561 663 615 705 73
654 677 676 702 e
713 662 885 704 Lentuli
929 663 1147 705 cuiusdam
1190 663 1290 705 ludo
1329 662 1530 717 Capuano
1574 663 1833 720 gladiatores

276 733 470 775 nonnulli
515 748 612 775 cum
651 733 909 788 erupissent,
954 734 1015 775 uti
1055 737 1273 789 poterant,
1317 734 1470 776 armati
1511 734 1564 776 ad
1599 734 1834 778 Vesuvium

200 806 256 847 90
276 808 466 847 montem
503 819 594 847 sese
626 807 877 859 receperunt
908 804 1056 862 (Plut.
1091 805 1247 847 Crass.
1274 820 1307 847 c.
1335 809 1373 861 8,
1405 805 1510 847 adde
1541 805 1596 847 fr.
1623 804 1700 863 90)
1730 809 1834 848 tres-

276 890 357 930 que
400 875 484 916 sibi
526 875 652 917 duces
691 875 929 931 elegerunt,
975 873 1043 918 ὦν
1080 884 1282 931 πρῶτος
1318 874 1379 930 ἦν
1418 877 1726 932 Σπάρτακος
1761 875 1833 935 (cf.

275 946 329 988 fr.
357 944 445 1001 90),
472 946 584 1001 ἀνὴρ
620 946 738 1003 Θρᾷξ
763 953 842 989 τοῦ
867 948 1126 1001 Νομαδικοῦ
1153 947 1323 1001 γένους,
1349 947 1403 989 οὐ
1428 949 1567 1002 μόνον
1592 950 1834 1004 φρόνημα

198 1018 250 1058 91
274 1016 400 1072 μέγα
431 1016 515 1059 καὶ
548 1017 726 1072 ῥώμην
758 1020 887 1073 ἔχων
918 1017 992 1075 (fr.
1020 1016 1114 1074 91),
1152 1018 1262 1060 ἀλλὰ
1293 1017 1365 1060 καὶ
1392 1018 1565 1061 συνέσει
1597 1018 1669 1062 καὶ
1697 1021 1833 1077 πρᾳό-

273 1104 370 1142 τητι
410 1095 485 1142 τῆς
522 1089 655 1143 τύχης
693 1088 884 1143 ἀμείνων
921 1087 993 1130 καὶ
1031 1095 1110 1130 τοῦ
1148 1087 1303 1142 γένους
1341 1087 1689 1144 ἑλληνικώτερος.
1750 1089 1831 1140 Qui

273 1158 436 1213 primos
464 1157 690 1213 Capuanos
714 1158 1009 1213 reppulerunt,
1041 1158 1138 1199 dein
1163 1158 1209 1200 P.
1237 1158 1442 1214 Clodium,
1475 1159 1549 1214 qui
1574 1160 1619 1202 in
1644 1159 1832 1203 Vesuvio

109 1230 177 1284 92,
197 1231 253 1272 93
274 1245 346 1271 eos
378 1229 605 1272 obsidebat
637 1229 712 1286 (fr.
740 1231 808 1283 92,
835 1227 924 1285 93),
957 1230 1049 1284 ‘per
1078 1230 1221 1271 fauces
1252 1230 1342 1271 cavi
1373 1230 1532 1272 montis
1562 1229 1734 1272 vitineis
1765 1230 1832 1272 de-

271 1300 383 1355 lapsi
426 1300 627 1342 vinculis’
671 1300 1039 1342 circumvenerunt
1082 1301 1410 1356 necopinantem
1454 1303 1584 1356 atque
1627 1302 1832 1358 fugarunt

273 1369 421 1427 (Plut.
449 1386 481 1413 c.
502 1372 528 1412 9
560 1386 697 1426 usque
729 1372 782 1412 ad
807 1377 953 1427 φυγῆς
979 1371 1216 1427 γενομένης
1241 1374 1400 1427 ἔλαβον
1427 1374 1475 1415 τὸ
1502 1370 1830 1430 στρατόπεδον).

272 1441 363 1484 Iam
395 1442 582 1496 undique
614 1442 822 1498 fugitivis,
858 1442 1117 1497 latronibus,
1155 1442 1402 1497 pastoribus
1434 1443 1487 1484 ad
1518 1457 1590 1485 eos
1622 1443 1831 1485 confluen-

272 1513 391 1555 tibus
422 1514 467 1555 P.
500 1513 703 1555 Varinius
737 1513 895 1556 Glaber
932 1516 1104 1568 praetor
1141 1529 1236 1555 cum
1269 1513 1460 1556 Cossinio
1494 1513 1658 1571 collega
1688 1513 1830 1556 adver-

194 1614 198 1618 ·
273 1600 343 1626 sus
376 1584 628 1639 Spartacum
664 1585 819 1626 missus
857 1588 938 1640 est;
976 1585 1049 1627 sed
1080 1585 1252 1641 fugitivi
1285 1588 1327 1626 et
1357 1585 1535 1626 Furium
1565 1585 1756 1642 legatum
1788 1588 1832 1627 et

273 1654 513 1697 Cossinium
542 1658 848 1711 oppresserunt
874 1655 1021 1713 (Plut.
1055 1656 1174 1698 ibid.
1207 1671 1340 1711 usque
1373 1656 1425 1698 ad
1455 1658 1578 1715 φόνῳ
1610 1660 1757 1715 πολλῷ
1781 1657 1830 1699 τὸ
1869 1697 1873 1700 .

196 1728 253 1769 94
273 1728 570 1782 στρατόπεδον
602 1721 731 1781 εἷλεν,
763 1728 818 1768 fr.
841 1726 929 1783 94),
962 1742 1045 1782 qua
1077 1742 1129 1769 ex
1156 1727 1273 1769 clade
1299 1727 1344 1769 in
1369 1726 1506 1782 ipsius
1523 1727 1690 1770 Varinji
1715 1742 1830 1769 exer-

195 1798 251 1839 95
272 1797 358 1839 citu
390 1812 545 1854 magna
577 1800 725 1839 exorta
751 1797 919 1839 videtur
945 1798 1135 1839 omnium
1155 1797 1395 1852 desperatio
1421 1798 1609 1854 fugaque
1640 1796 1715 1855 (fr.
1741 1796 1829 1854 95).

270 1868 475 1910 Attamen
512 1869 690 1911 Varinio
729 1869 943 1910 decertare
982 1884 1077 1911 cum
1115 1868 1310 1925 fugitivis
1347 1870 1605 1923 properante
1642 1868 1830 1924 primum

272 1939 443 1994 quidem
480 1939 543 1980 illi
575 1939 668 1981 loco
707 1942 985 1994 temporeque
1022 1939 1164 1981 minus
1202 1939 1414 1994 oportuno
1452 1939 1665 1994 proelium
1701 1938 1828 1981 evita-

270 2013 390 2065 runt,
428 2012 578 2065 postea
610 2025 709 2052 vero
742 2010 959 2052 consulem
991 2013 1128 2052 castra
1167 2025 1242 2052 sua
1279 2025 1530 2067 aggressum
1560 2010 1687 2066 plane
1719 2010 1828 2052 devi-
1893 2008 1895 2010 ’

194 2083 250 2124 96
271 2084 419 2123 cerunt
457 2081 531 2138 (fr.
559 2079 652 2138 96),
693 2096 793 2123 mox
825 2081 1086 2132 Thoranium
1125 2096 1294 2136 quoque
1331 2081 1523 2138 legatum
1560 2084 1828 2137 superarunt.

271 2152 374 2202 Quis
397 2152 505 2194 bene
525 2152 659 2208 gestis
681 2153 916 2207 ‘totamque
937 2154 1225 2208 pervagantur
1246 2151 1536 2207 Campaniam'
1562 2151 1709 2209 (Flor.
1728 2151 1770 2195 Π
1789 2155 1828 2208 8,

60 2224 257 2279 97,98,99
272 2223 377 2264 adde
402 2223 457 2264 fr.
486 2221 561 2280 97)
589 2226 631 2264 et
657 2223 887 2264 Lucaniam
914 2223 1156 2264 saevissime
1183 2223 1406 2265 devastant
1432 2223 1506 2281 (fr.
1533 2225 1602 2280 98,
1627 2222 1704 2280 99)
1736 2223 1828 2266 ‘nec

14 2294 17 2299 '
269 2293 467 2335 villarum
498 2296 626 2348 atque
655 2294 844 2335 vicorum
869 2293 1107 2335 vastatione
1136 2294 1324 2335 contenti
1349 2293 1504 2336 Nolam
1536 2297 1667 2350 atque
1691 2294 1827 2338 Nuce-

270 2364 394 2420 riam,
431 2364 614 2406 Thurios
647 2367 773 2419 atque
806 2365 1106 2419 Metapontum
1138 2364 1322 2406 terribili
1355 2367 1498 2421 strage
1536 2365 1826 2420 populantur’.

269 2435 560 2477 Nihilominus
592 2435 635 2476 id
666 2438 764 2477 ante
797 2436 939 2477 omnia
970 2435 1134 2477 studuit
1161 2435 1401 2491 Spartacus,
1433 2438 1481 2478 ut
1511 2435 1650 2477 hieme
1681 2435 1827 2491 aptius

62 2508 252 2560 100,101
272 2506 445 2563 fugitivi
480 2509 745 2548 armarentur
776 2505 850 2563 (fr.
880 2508 975 2561 100,
1005 2505 1124 2563 101),
1162 2522 1292 2561 quare
1326 2506 1612 2561 ‘adfluentibus
1642 2508 1689 2548 in
1718 2508 1826 2550 diem

269 2579 405 2630 copiis,
438 2592 534 2619 cum
565 2577 650 2619 iam
685 2579 796 2618 esset
828 2577 966 2619 iustus
999 2577 1222 2632 exercitus,
1253 2593 1273 2620 e
1303 2578 1526 2620 viminibus
1548 2579 1827 2632 pecudumque

59 2649 254 2703 102,103
272 2650 508 2702 teyumeutis
539 2648 779 2690 inconditos
811 2648 894 2689 sibi
928 2649 1087 2703 clipeos
1119 2648 1193 2706 (fr.
1225 2649 1324 2705 102,
1359 2647 1480 2705 103),
1511 2663 1533 2690 e
1564 2649 1676 2691 ferro
1709 2663 1826 2706 erga-

268 2719 478 2761 stulorum
510 2722 676 2761 recocto
715 2718 881 2775 gladios
919 2734 966 2760 ac
1004 2698 1090 2761 tela
1126 2720 1335 2774 fecerunt3
1375 2734 1423 2761 ac
1459 2734 1513 2761 ne
1553 2719 1668 2774 quod
1698 2719 1824 2762 decus

269 2790 381 2832 iusto
415 2790 579 2831 deesset
612 2789 834 2844 exercitui,
874 2790 1045 2831 domitis
1077 2790 1216 2832 obviis
1248 2790 1377 2832 etiam
1412 2790 1618 2846 gregibus
1649 2792 1824 2845 paratus

269 2860 502 2915 equitatus,
534 2863 743 2915 captaque
776 2860 826 2901 de
859 2860 1132 2915 praetoribus
1157 2861 1344 2917 insignia
1369 2864 1412 2902 et
1437 2861 1572 2903 fasces
1597 2861 1649 2902 ad
1675 2861 1823 2903 ducem

269 2931 485 2973 detulere’.
