<?xml version="1.0" encoding="UTF-8"?>
<!DOCTYPE html PUBLIC "-//W3C//DTD XHTML 1.0 Transitional//EN"
    "http://www.w3.org/TR/xhtml1/DTD/xhtml1-transitional.dtd">
<html xmlns="http://www.w3.org/1999/xhtml" xml:lang="en" lang="en">
 <head>
  <title>
</title>
<meta http-equiv="Content-Type" content="text/html;charset=utf-8" />
  <meta name='ocr-system' content='tesseract 3.04.00' />
  <meta name='ocr-capabilities' content='ocr_page ocr_carea ocr_par ocr_line ocrx_word'/>
</head>
<body>
  <div class='ocr_page' id='page_1' title='image "./historiarumreliq00salluoft_0022.png"; bbox 0 0 1916 3178; ppageno 0'>
   <div class='ocr_carea' id='block_1_1' title="bbox 197 262 1756 1949">
    <p class='ocr_par' dir='ltr' id='par_1_1' title="bbox 197 262 1755 1097">
     <span class='ocr_line' id='line_1_1' title="bbox 199 262 1748 322; baseline 0.003 -18"><span class='ocrx_word' id='word_1_1' title='bbox 199 263 249 304; x_wconf 91' lang='lat' dir='ltr'>de</span> <span class='ocrx_word' id='word_1_2' title='bbox 298 263 457 305; x_wconf 82' lang='lat' dir='ltr'>liberae</span> <span class='ocrx_word' id='word_1_3' title='bbox 506 262 566 304; x_wconf 88' lang='lat' dir='ltr'>rei</span> <span class='ocrx_word' id='word_1_4' title='bbox 610 262 804 318; x_wconf 87' lang='lat' dir='ltr'>publicae</span> <span class='ocrx_word' id='word_1_5' title='bbox 853 264 1118 319; x_wconf 71' lang='lat' dir='ltr'>temporibus</span> <span class='ocrx_word' id='word_1_6' title='bbox 1160 264 1373 307; x_wconf 90' lang='lat' dir='ltr'>Velleium</span> <span class='ocrx_word' id='word_1_7' title='bbox 1422 264 1563 319; x_wconf 84' lang='lat' dir='ltr'>Livio,</span> <span class='ocrx_word' id='word_1_8' title='bbox 1606 265 1748 322; x_wconf 86' lang='lat' dir='ltr'>Trogo</span> 
     </span>
     <span class='ocr_line' id='line_1_2' title="bbox 198 333 1751 391; baseline 0.002 -16"><span class='ocrx_word' id='word_1_9' title='bbox 198 333 420 389; x_wconf 90' lang='lat' dir='ltr'>Pompeio,</span> <span class='ocrx_word' id='word_1_10' title='bbox 462 333 607 375; x_wconf 87' lang='lat' dir='ltr'>Attico</span> <span class='ocrx_word' id='word_1_11' title='bbox 651 348 774 376; x_wconf 89' lang='lat' dir='ltr'>usum</span> <span class='ocrx_word' id='word_1_12' title='bbox 817 349 926 390; x_wconf 89' lang='lat' dir='ltr'>esse,</span> <span class='ocrx_word' id='word_1_13' title='bbox 968 338 1136 390; x_wconf 85' lang='lat' dir='ltr'>praeter</span> <span class='ocrx_word' id='word_1_14' title='bbox 1178 335 1256 377; x_wconf 92' lang='lat' dir='ltr'>hos</span> <span class='ocrx_word' id='word_1_15' title='bbox 1306 335 1461 391; x_wconf 85' lang='lat' dir='ltr'>legisse</span> <span class='ocrx_word' id='word_1_16' title='bbox 1507 334 1751 378; x_wconf 81' lang='lat' dir='ltr'>Ciceronem</span> 
     </span>
     <span class='ocr_line' id='line_1_3' title="bbox 199 403 1752 462; baseline 0.002 -17"><span class='ocrx_word' id='word_1_17' title='bbox 199 403 529 459; x_wconf 83' lang='lat' dir='ltr'>Sallustiumque</span> <span class='ocrx_word' id='word_1_18' title='bbox 571 404 762 460; x_wconf 88' lang='lat' dir='ltr'>plerique</span> <span class='ocrx_word' id='word_1_19' title='bbox 807 408 970 460; x_wconf 90' lang='lat' dir='ltr'>putant.</span> <span class='ocrx_word' id='word_1_20' title='bbox 983 404 1015 462; x_wconf 88' lang='lat'>¹)</span> <span class='ocrx_word' id='word_1_21' title='bbox 1083 405 1240 448; x_wconf 88' lang='lat' dir='ltr'>Contra</span> <span class='ocrx_word' id='word_1_22' title='bbox 1278 403 1473 462; x_wconf 74' lang='lat' dir='ltr'>Kaiser2)</span> <span class='ocrx_word' id='word_1_23' title='bbox 1503 405 1672 448; x_wconf 86' lang='lat' dir='ltr'>Livium</span> <span class='ocrx_word' id='word_1_24' title='bbox 1708 409 1752 449; x_wconf 87' lang='lat' dir='ltr'>et</span> 
     </span>
     <span class='ocr_line' id='line_1_4' title="bbox 198 475 1751 533; baseline 0.003 -17"><span class='ocrx_word' id='word_1_25' title='bbox 198 475 387 530; x_wconf 86' lang='lat' dir='ltr'>Trogum</span> <span class='ocrx_word' id='word_1_26' title='bbox 418 477 612 517; x_wconf 88' lang='lat' dir='ltr'>auctores</span> <span class='ocrx_word' id='word_1_27' title='bbox 642 475 797 517; x_wconf 88' lang='lat' dir='ltr'>Velleii</span> <span class='ocrx_word' id='word_1_28' title='bbox 830 476 960 518; x_wconf 89' lang='lat' dir='ltr'>fuisse</span> <span class='ocrx_word' id='word_1_29' title='bbox 993 476 1164 519; x_wconf 89' lang='lat' dir='ltr'>omnino</span> <span class='ocrx_word' id='word_1_30' title='bbox 1195 476 1370 533; x_wconf 83' lang='lat' dir='ltr'>negavit</span> <span class='ocrx_word' id='word_1_31' title='bbox 1401 491 1449 518; x_wconf 90' lang='lat' dir='ltr'>ac</span> <span class='ocrx_word' id='word_1_32' title='bbox 1480 476 1751 533; x_wconf 82' lang='lat' dir='ltr'>sagacissime</span> 
     </span>
     <span class='ocr_line' id='line_1_5' title="bbox 199 545 1751 603; baseline 0.003 -17"><span class='ocrx_word' id='word_1_33' title='bbox 199 561 220 586; x_wconf 90' lang='lat' dir='ltr'>e</span> <span class='ocrx_word' id='word_1_34' title='bbox 264 546 390 587; x_wconf 89' lang='lat' dir='ltr'>rebus</span> <span class='ocrx_word' id='word_1_35' title='bbox 434 545 748 603; x_wconf 77' lang='lat' dir='ltr'>chronologicis</span> <span class='ocrx_word' id='word_1_36' title='bbox 790 547 1016 602; x_wconf 88' lang='lat' dir='ltr'>conclusit,</span> <span class='ocrx_word' id='word_1_37' title='bbox 1060 562 1155 589; x_wconf 92' lang='lat' dir='ltr'>eum</span> <span class='ocrx_word' id='word_1_38' title='bbox 1199 563 1332 603; x_wconf 90' lang='lat' dir='ltr'>usque</span> <span class='ocrx_word' id='word_1_39' title='bbox 1377 562 1424 589; x_wconf 90' lang='lat' dir='ltr'>ac</span> <span class='ocrx_word' id='word_1_40' title='bbox 1466 547 1539 590; x_wconf 90' lang='lat' dir='ltr'>lib.</span> <span class='ocrx_word' id='word_1_41' title='bbox 1564 546 1606 590; x_wconf 90' lang='lat' dir='ltr'>II</span> <span class='ocrx_word' id='word_1_42' title='bbox 1635 562 1669 590; x_wconf 93' lang='lat' dir='ltr'>c.</span> <span class='ocrx_word' id='word_1_43' title='bbox 1693 548 1751 591; x_wconf 81' lang='lat'>48</span> 
     </span>
     <span class='ocr_line' id='line_1_6' title="bbox 198 615 1754 673; baseline 0.002 -16"><span class='ocrx_word' id='word_1_44' title='bbox 198 615 391 658; x_wconf 87' lang='lat' dir='ltr'>Atticum</span> <span class='ocrx_word' id='word_1_45' title='bbox 423 619 615 658; x_wconf 89' lang='lat' dir='ltr'>secutum</span> <span class='ocrx_word' id='word_1_46' title='bbox 646 632 737 659; x_wconf 89' lang='lat' dir='ltr'>esse</span> <span class='ocrx_word' id='word_1_47' title='bbox 770 617 1032 673; x_wconf 89' lang='lat' dir='ltr'>ducem,-qui</span> <span class='ocrx_word' id='word_1_48' title='bbox 1065 618 1295 660; x_wconf 92' lang='lat' dir='ltr'>secundum</span> <span class='ocrx_word' id='word_1_49' title='bbox 1320 617 1526 660; x_wconf 83' lang='lat' dir='ltr'>Varronis</span> <span class='ocrx_word' id='word_1_50' title='bbox 1556 632 1663 673; x_wconf 85' lang='lat' dir='ltr'>quae</span> <span class='ocrx_word' id='word_1_51' title='bbox 1694 617 1754 660; x_wconf 89' lang='lat' dir='ltr'>di-</span> 
     </span>
     <span class='ocr_line' id='line_1_7' title="bbox 198 686 1754 743; baseline 0.003 -15"><span class='ocrx_word' id='word_1_52' title='bbox 198 686 308 728; x_wconf 91' lang='lat' dir='ltr'>citur</span> <span class='ocrx_word' id='word_1_53' title='bbox 339 701 480 743; x_wconf 85' lang='lat' dir='ltr'>aeram</span> <span class='ocrx_word' id='word_1_54' title='bbox 504 688 767 742; x_wconf 89' lang='lat' dir='ltr'>numerabat,</span> <span class='ocrx_word' id='word_1_55' title='bbox 792 687 888 730; x_wconf 88' lang='lat' dir='ltr'>inde</span> <span class='ocrx_word' id='word_1_56' title='bbox 920 703 1019 730; x_wconf 89' lang='lat' dir='ltr'>vero</span> <span class='ocrx_word' id='word_1_57' title='bbox 1051 703 1075 730; x_wconf 88' lang='lat' dir='ltr'>a</span> <span class='ocrx_word' id='word_1_58' title='bbox 1099 687 1140 730; x_wconf 95' lang='lat' dir='ltr'>II</span> <span class='ocrx_word' id='word_1_59' title='bbox 1164 690 1220 731; x_wconf 82' lang='lat'>49</span> <span class='ocrx_word' id='word_1_60' title='bbox 1255 688 1428 731; x_wconf 88' lang='lat' dir='ltr'>Catonis</span> <span class='ocrx_word' id='word_1_61' title='bbox 1453 688 1517 730; x_wconf 89' lang='lat' dir='ltr'>uti</span> <span class='ocrx_word' id='word_1_62' title='bbox 1541 687 1754 732; x_wconf 82' lang='lat' dir='ltr'>Velleium</span> 
     </span>
     <span class='ocr_line' id='line_1_8' title="bbox 198 757 1755 817; baseline 0.002 -18"><span class='ocrx_word' id='word_1_63' title='bbox 198 773 304 799; x_wconf 86' lang='lat' dir='ltr'>aera.</span> <span class='ocrx_word' id='word_1_64' title='bbox 365 757 462 800; x_wconf 91' lang='lat' dir='ltr'>Meo</span> <span class='ocrx_word' id='word_1_65' title='bbox 494 758 664 814; x_wconf 90' lang='lat' dir='ltr'>quidem</span> <span class='ocrx_word' id='word_1_66' title='bbox 696 758 851 800; x_wconf 89' lang='lat' dir='ltr'>iudicio</span> <span class='ocrx_word' id='word_1_67' title='bbox 883 761 926 800; x_wconf 89' lang='lat' dir='ltr'>et</span> <span class='ocrx_word' id='word_1_68' title='bbox 957 758 1001 801; x_wconf 90' lang='lat' dir='ltr'>in</span> <span class='ocrx_word' id='word_1_69' title='bbox 1033 759 1296 816; x_wconf 87' lang='lat' dir='ltr'>genealogiis</span> <span class='ocrx_word' id='word_1_70' title='bbox 1328 762 1371 801; x_wconf 89' lang='lat' dir='ltr'>et</span> <span class='ocrx_word' id='word_1_71' title='bbox 1402 759 1446 801; x_wconf 92' lang='lat' dir='ltr'>in</span> <span class='ocrx_word' id='word_1_72' title='bbox 1478 759 1755 817; x_wconf 80' lang='lat' dir='ltr'>chronologia</span> 
     </span>
     <span class='ocr_line' id='line_1_9' title="bbox 198 827 1751 873; baseline 0.002 -4"><span class='ocrx_word' id='word_1_73' title='bbox 198 831 241 870; x_wconf 89' lang='lat' dir='ltr'>et</span> <span class='ocrx_word' id='word_1_74' title='bbox 283 827 378 870; x_wconf 88' lang='lat' dir='ltr'>aliis</span> <span class='ocrx_word' id='word_1_75' title='bbox 422 829 602 870; x_wconf 84' lang='lat' dir='ltr'>fortasse</span> <span class='ocrx_word' id='word_1_76' title='bbox 646 828 690 870; x_wconf 91' lang='lat' dir='ltr'>in</span> <span class='ocrx_word' id='word_1_77' title='bbox 732 829 859 871; x_wconf 89' lang='lat' dir='ltr'>rebus</span> <span class='ocrx_word' id='word_1_78' title='bbox 895 828 1030 871; x_wconf 88' lang='lat' dir='ltr'>Attici</span> <span class='ocrx_word' id='word_1_79' title='bbox 1075 830 1249 872; x_wconf 88' lang='lat' dir='ltr'>annales</span> <span class='ocrx_word' id='word_1_80' title='bbox 1286 830 1452 872; x_wconf 88' lang='lat' dir='ltr'>Velleio</span> <span class='ocrx_word' id='word_1_81' title='bbox 1497 832 1612 872; x_wconf 89' lang='lat' dir='ltr'>certo</span> <span class='ocrx_word' id='word_1_82' title='bbox 1655 829 1751 873; x_wconf 82' lang='lat' dir='ltr'>usui</span> 
     </span>
     <span class='ocr_line' id='line_1_10' title="bbox 197 899 1754 956; baseline 0.003 -16"><span class='ocrx_word' id='word_1_83' title='bbox 197 900 382 954; x_wconf 87' lang='lat' dir='ltr'>fuerunt,</span> <span class='ocrx_word' id='word_1_84' title='bbox 413 899 486 942; x_wconf 90' lang='lat' dir='ltr'>sed</span> <span class='ocrx_word' id='word_1_85' title='bbox 518 899 646 941; x_wconf 88' lang='lat' dir='ltr'>etiam</span> <span class='ocrx_word' id='word_1_86' title='bbox 679 915 700 941; x_wconf 89' lang='lat' dir='ltr'>e</span> <span class='ocrx_word' id='word_1_87' title='bbox 731 900 852 942; x_wconf 87' lang='lat' dir='ltr'>Livio</span> <span class='ocrx_word' id='word_1_88' title='bbox 890 901 1102 956; x_wconf 87' lang='lat' dir='ltr'>permulta</span> <span class='ocrx_word' id='word_1_89' title='bbox 1134 916 1231 943; x_wconf 92' lang='lat' dir='ltr'>eum</span> <span class='ocrx_word' id='word_1_90' title='bbox 1261 901 1454 943; x_wconf 87' lang='lat' dir='ltr'>hausisse</span> <span class='ocrx_word' id='word_1_91' title='bbox 1485 901 1530 943; x_wconf 88' lang='lat' dir='ltr'>in</span> <span class='ocrx_word' id='word_1_92' title='bbox 1560 916 1754 944; x_wconf 77' lang='lat' dir='ltr'>enarran—</span> 
     </span>
     <span class='ocr_line' id='line_1_11' title="bbox 201 970 1753 1026; baseline 0.003 -15"><span class='ocrx_word' id='word_1_93' title='bbox 201 970 264 1012; x_wconf 84' lang='lat' dir='ltr'>dis</span> <span class='ocrx_word' id='word_1_94' title='bbox 297 970 478 1026; x_wconf 86' lang='lat' dir='ltr'>singulis</span> <span class='ocrx_word' id='word_1_95' title='bbox 515 970 643 1013; x_wconf 91' lang='lat' dir='ltr'>rebus</span> <span class='ocrx_word' id='word_1_96' title='bbox 682 971 785 1013; x_wconf 89' lang='lat' dir='ltr'>satis</span> <span class='ocrx_word' id='word_1_97' title='bbox 823 971 1015 1014; x_wconf 87' lang='lat' dir='ltr'>docuisse</span> <span class='ocrx_word' id='word_1_98' title='bbox 1053 971 1158 1014; x_wconf 91' lang='lat' dir='ltr'>mihi</span> <span class='ocrx_word' id='word_1_99' title='bbox 1196 972 1394 1014; x_wconf 87' lang='lat' dir='ltr'>videntur</span> <span class='ocrx_word' id='word_1_100' title='bbox 1429 972 1482 1016; x_wconf 87' lang='lat' dir='ltr'>U.</span> <span class='ocrx_word' id='word_1_101' title='bbox 1512 972 1675 1015; x_wconf 68' lang='lat' dir='ltr'>Kohler</span> <span class='ocrx_word' id='word_1_102' title='bbox 1709 974 1753 1015; x_wconf 86' lang='lat' dir='ltr'>et</span> 
     </span>
     <span class='ocr_line' id='line_1_12' title="bbox 198 1039 389 1097; baseline 0 -14"><span class='ocrx_word' id='word_1_103' title='bbox 198 1039 389 1097; x_wconf 76' lang='lat' dir='ltr'>Klebs.3)</span> 
     </span>
    </p>

    <p class='ocr_par' dir='ltr' id='par_1_2' title="bbox 197 1111 1756 1949">
     <span class='ocr_line' id='line_1_13' title="bbox 316 1111 1754 1169; baseline 0.003 -16"><span class='ocrx_word' id='word_1_104' title='bbox 316 1111 621 1167; x_wconf 86' lang='lat' dir='ltr'>Exemplorum</span> <span class='ocrx_word' id='word_1_105' title='bbox 671 1112 918 1155; x_wconf 70' lang='lat' dir='ltr'>collectores</span> <span class='ocrx_word' id='word_1_106' title='bbox 969 1114 1070 1169; x_wconf 89' lang='lat' dir='ltr'>duo,</span> <span class='ocrx_word' id='word_1_107' title='bbox 1119 1113 1360 1156; x_wconf 86' lang='lat' dir='ltr'>Valerius</span> <span class='ocrx_word' id='word_1_108' title='bbox 1410 1113 1662 1156; x_wconf 85' lang='lat' dir='ltr'>Maximus</span> <span class='ocrx_word' id='word_1_109' title='bbox 1710 1117 1754 1157; x_wconf 89' lang='lat' dir='ltr'>et</span> 
     </span>
     <span class='ocr_line' id='line_1_14' title="bbox 197 1182 1754 1242; baseline 0.002 -18"><span class='ocrx_word' id='word_1_110' title='bbox 197 1182 478 1225; x_wconf 75' lang='lat' dir='ltr'>Frontinus</span> <span class='ocrx_word' id='word_1_111' title='bbox 510 1183 624 1225; x_wconf 89' lang='lat' dir='ltr'>haud</span> <span class='ocrx_word' id='word_1_112' title='bbox 654 1198 787 1238; x_wconf 85' lang='lat' dir='ltr'>pauca</span> <span class='ocrx_word' id='word_1_113' title='bbox 819 1199 869 1225; x_wconf 87' lang='lat' dir='ltr'>ex</span> <span class='ocrx_word' id='word_1_114' title='bbox 902 1199 950 1226; x_wconf 92' lang='lat' dir='ltr'>eo</span> <span class='ocrx_word' id='word_1_115' title='bbox 984 1185 1034 1226; x_wconf 88' lang='lat' dir='ltr'>de</span> <span class='ocrx_word' id='word_1_116' title='bbox 1066 1200 1149 1239; x_wconf 91' lang='lat' dir='ltr'>quo</span> <span class='ocrx_word' id='word_1_117' title='bbox 1182 1185 1349 1242; x_wconf 88' lang='lat' dir='ltr'>agimus</span> <span class='ocrx_word' id='word_1_118' title='bbox 1380 1185 1586 1240; x_wconf 89' lang='lat' dir='ltr'>temporis</span> <span class='ocrx_word' id='word_1_119' title='bbox 1617 1185 1754 1241; x_wconf 79' lang='lat' dir='ltr'>spatio</span> 
     </span>
     <span class='ocr_line' id='line_1_15' title="bbox 202 1253 1754 1312; baseline 0.002 -17"><span class='ocrx_word' id='word_1_120' title='bbox 202 1253 426 1296; x_wconf 83' lang='lat' dir='ltr'>memoriae</span> <span class='ocrx_word' id='word_1_121' title='bbox 451 1254 728 1296; x_wconf 88' lang='lat' dir='ltr'>tradiderunt.</span> <span class='ocrx_word' id='word_1_122' title='bbox 778 1254 841 1296; x_wconf 88' lang='lat' dir='ltr'>Ac</span> <span class='ocrx_word' id='word_1_123' title='bbox 865 1255 1062 1297; x_wconf 88' lang='lat' dir='ltr'>Valerius</span> <span class='ocrx_word' id='word_1_124' title='bbox 1087 1254 1343 1312; x_wconf 55' lang='lat' dir='ltr'>Maximus‘)</span> <span class='ocrx_word' id='word_1_125' title='bbox 1368 1256 1594 1311; x_wconf 86' lang='lat' dir='ltr'>primarios</span> <span class='ocrx_word' id='word_1_126' title='bbox 1612 1257 1754 1300; x_wconf 75' lang='lat' dir='ltr'>fontes</span> 
     </span>
     <span class='ocr_line' id='line_1_16' title="bbox 198 1325 1755 1384; baseline 0.003 -18"><span class='ocrx_word' id='word_1_127' title='bbox 198 1325 349 1367; x_wconf 88' lang='lat' dir='ltr'>habuit</span> <span class='ocrx_word' id='word_1_128' title='bbox 369 1325 614 1367; x_wconf 88' lang='lat' dir='ltr'>Ciceronem</span> <span class='ocrx_word' id='word_1_129' title='bbox 634 1329 676 1367; x_wconf 88' lang='lat' dir='ltr'>et</span> <span class='ocrx_word' id='word_1_130' title='bbox 701 1325 881 1381; x_wconf 89' lang='lat' dir='ltr'>Livium,</span> <span class='ocrx_word' id='word_1_131' title='bbox 906 1329 1124 1382; x_wconf 86' lang='lat' dir='ltr'>praeterea</span> <span class='ocrx_word' id='word_1_132' title='bbox 1149 1342 1250 1368; x_wconf 88' lang='lat' dir='ltr'>usus</span> <span class='ocrx_word' id='word_1_133' title='bbox 1277 1330 1342 1369; x_wconf 89' lang='lat' dir='ltr'>est</span> <span class='ocrx_word' id='word_1_134' title='bbox 1367 1326 1582 1382; x_wconf 73' lang='lat' dir='ltr'>Sallustio,</span> <span class='ocrx_word' id='word_1_135' title='bbox 1600 1327 1755 1384; x_wconf 85' lang='lat' dir='ltr'>Trogo,</span> 
     </span>
     <span class='ocr_line' id='line_1_17' title="bbox 197 1396 1756 1454; baseline 0.002 -17"><span class='ocrx_word' id='word_1_136' title='bbox 197 1396 378 1438; x_wconf 87' lang='lat' dir='ltr'>fortasse</span> <span class='ocrx_word' id='word_1_137' title='bbox 416 1396 545 1438; x_wconf 83' lang='lat' dir='ltr'>etiam</span> <span class='ocrx_word' id='word_1_138' title='bbox 581 1396 791 1451; x_wconf 86' lang='lat' dir='ltr'>Varrone,</span> <span class='ocrx_word' id='word_1_139' title='bbox 831 1397 1025 1451; x_wconf 80' lang='lat' dir='ltr'>Caesare,</span> <span class='ocrx_word' id='word_1_140' title='bbox 1068 1397 1263 1440; x_wconf 85' lang='lat' dir='ltr'>Cornelio</span> <span class='ocrx_word' id='word_1_141' title='bbox 1306 1398 1484 1453; x_wconf 88' lang='lat' dir='ltr'>Nepote.</span> <span class='ocrx_word' id='word_1_142' title='bbox 1551 1397 1756 1454; x_wconf 85' lang='lat' dir='ltr'>Reliquos</span> 
     </span>
     <span class='ocr_line' id='line_1_18' title="bbox 201 1466 1755 1524; baseline 0.003 -17"><span class='ocrx_word' id='word_1_143' title='bbox 201 1466 429 1522; x_wconf 71' lang='lat' dir='ltr'>scriptores</span> <span class='ocrx_word' id='word_1_144' title='bbox 471 1482 558 1508; x_wconf 91' lang='lat' dir='ltr'>non</span> <span class='ocrx_word' id='word_1_145' title='bbox 601 1467 690 1522; x_wconf 91' lang='lat' dir='ltr'>ipse</span> <span class='ocrx_word' id='word_1_146' title='bbox 727 1467 883 1523; x_wconf 88' lang='lat' dir='ltr'>legisse</span> <span class='ocrx_word' id='word_1_147' title='bbox 920 1467 1135 1523; x_wconf 87' lang='lat' dir='ltr'>Valerius,</span> <span class='ocrx_word' id='word_1_148' title='bbox 1178 1468 1251 1509; x_wconf 87' lang='lat' dir='ltr'>sed</span> <span class='ocrx_word' id='word_1_149' title='bbox 1295 1483 1317 1510; x_wconf 90' lang='lat' dir='ltr'>e</span> <span class='ocrx_word' id='word_1_150' title='bbox 1360 1468 1647 1524; x_wconf 74' lang='lat' dir='ltr'>collectaneis,</span> <span class='ocrx_word' id='word_1_151' title='bbox 1689 1468 1755 1511; x_wconf 89' lang='lat' dir='ltr'>sui</span> 
     </span>
     <span class='ocr_line' id='line_1_19' title="bbox 199 1537 1754 1596; baseline 0.002 -17"><span class='ocrx_word' id='word_1_152' title='bbox 199 1537 331 1592; x_wconf 86' lang='lat' dir='ltr'>ipsius</span> <span class='ocrx_word' id='word_1_153' title='bbox 376 1537 615 1580; x_wconf 88' lang='lat' dir='ltr'>collectioni</span> <span class='ocrx_word' id='word_1_154' title='bbox 662 1538 873 1580; x_wconf 89' lang='lat' dir='ltr'>similibus</span> <span class='ocrx_word' id='word_1_155' title='bbox 912 1538 1042 1595; x_wconf 86' lang='lat' dir='ltr'>(sicut</span> <span class='ocrx_word' id='word_1_156' title='bbox 1079 1539 1304 1594; x_wconf 87' lang='lat' dir='ltr'>Pomponii</span> <span class='ocrx_word' id='word_1_157' title='bbox 1342 1537 1462 1596; x_wconf 83' lang='lat' dir='ltr'>Rufi)</span> <span class='ocrx_word' id='word_1_158' title='bbox 1505 1539 1754 1596; x_wconf 84' lang='lat' dir='ltr'>cognovisse</span> 
     </span>
     <span class='ocr_line' id='line_1_20' title="bbox 198 1607 1755 1666; baseline 0.002 -17"><span class='ocrx_word' id='word_1_159' title='bbox 198 1607 414 1665; x_wconf 83' lang='lat' dir='ltr'>videtur.⁵)</span> <span class='ocrx_word' id='word_1_160' title='bbox 443 1635 495 1638; x_wconf 97' lang='lat'><strong>—</strong></span> <span class='ocrx_word' id='word_1_161' title='bbox 522 1609 754 1650; x_wconf 85' lang='lat' dir='ltr'>Frontinus</span> <span class='ocrx_word' id='word_1_162' title='bbox 780 1624 886 1664; x_wconf 91' lang='lat' dir='ltr'>quos</span> <span class='ocrx_word' id='word_1_163' title='bbox 912 1609 1109 1651; x_wconf 88' lang='lat' dir='ltr'>habuerit</span> <span class='ocrx_word' id='word_1_164' title='bbox 1139 1610 1183 1651; x_wconf 92' lang='lat' dir='ltr'>in</span> <span class='ocrx_word' id='word_1_165' title='bbox 1215 1610 1396 1666; x_wconf 88' lang='lat' dir='ltr'>singulis</span> <span class='ocrx_word' id='word_1_166' title='bbox 1428 1609 1631 1665; x_wconf 86' lang='lat' dir='ltr'>exemplis</span> <span class='ocrx_word' id='word_1_167' title='bbox 1662 1624 1755 1652; x_wconf 87' lang='lat' dir='ltr'>auc-</span> 
     </span>
     <span class='ocr_line' id='line_1_21' title="bbox 199 1680 1754 1736; baseline 0.001 -16"><span class='ocrx_word' id='word_1_168' title='bbox 199 1682 313 1721; x_wconf 90' lang='lat' dir='ltr'>tores</span> <span class='ocrx_word' id='word_1_169' title='bbox 356 1680 544 1721; x_wconf 90' lang='lat' dir='ltr'>nondum</span> <span class='ocrx_word' id='word_1_170' title='bbox 584 1680 687 1722; x_wconf 90' lang='lat' dir='ltr'>satis</span> <span class='ocrx_word' id='word_1_171' title='bbox 725 1680 976 1735; x_wconf 88' lang='lat' dir='ltr'>inquisitum</span> <span class='ocrx_word' id='word_1_172' title='bbox 1021 1683 1101 1736; x_wconf 82' lang='lat' dir='ltr'>est3</span> <span class='ocrx_word' id='word_1_173' title='bbox 1139 1681 1212 1722; x_wconf 89' lang='lat' dir='ltr'>sed</span> <span class='ocrx_word' id='word_1_174' title='bbox 1248 1680 1498 1736; x_wconf 91' lang='lat' dir='ltr'>primarium</span> <span class='ocrx_word' id='word_1_175' title='bbox 1534 1681 1646 1723; x_wconf 87' lang='lat' dir='ltr'>inter</span> <span class='ocrx_word' id='word_1_176' title='bbox 1681 1695 1754 1723; x_wconf 89' lang='lat' dir='ltr'>eos</span> 
     </span>
     <span class='ocr_line' id='line_1_22' title="bbox 199 1750 1754 1808; baseline 0.001 -16"><span class='ocrx_word' id='word_1_177' title='bbox 199 1750 434 1792; x_wconf 87' lang='lat' dir='ltr'>obtinuisse</span> <span class='ocrx_word' id='word_1_178' title='bbox 478 1750 618 1792; x_wconf 91' lang='lat' dir='ltr'>locum</span> <span class='ocrx_word' id='word_1_179' title='bbox 655 1751 841 1806; x_wconf 89' lang='lat' dir='ltr'>Livium,</span> <span class='ocrx_word' id='word_1_180' title='bbox 878 1751 1084 1808; x_wconf 88' lang='lat' dir='ltr'>Trogum,</span> <span class='ocrx_word' id='word_1_181' title='bbox 1119 1751 1386 1806; x_wconf 83' lang='lat' dir='ltr'>Sallustium,</span> <span class='ocrx_word' id='word_1_182' title='bbox 1424 1754 1550 1807; x_wconf 87' lang='lat' dir='ltr'>atque</span> <span class='ocrx_word' id='word_1_183' title='bbox 1586 1753 1754 1807; x_wconf 84' lang='lat' dir='ltr'>praeter</span> 
     </span>
     <span class='ocr_line' id='line_1_23' title="bbox 198 1821 1754 1876; baseline 0.001 -13"><span class='ocrx_word' id='word_1_184' title='bbox 198 1822 277 1863; x_wconf 91' lang='lat' dir='ltr'>hos</span> <span class='ocrx_word' id='word_1_185' title='bbox 321 1822 449 1863; x_wconf 87' lang='lat' dir='ltr'>etiam</span> <span class='ocrx_word' id='word_1_186' title='bbox 499 1821 789 1876; x_wconf 89' lang='lat' dir='ltr'>exemplorum</span> <span class='ocrx_word' id='word_1_187' title='bbox 833 1821 1104 1864; x_wconf 89' lang='lat' dir='ltr'>collectiones</span> <span class='ocrx_word' id='word_1_188' title='bbox 1154 1822 1199 1864; x_wconf 92' lang='lat' dir='ltr'>in</span> <span class='ocrx_word' id='word_1_189' title='bbox 1242 1837 1366 1864; x_wconf 91' lang='lat' dir='ltr'>usum</span> <span class='ocrx_word' id='word_1_190' title='bbox 1409 1837 1534 1864; x_wconf 91' lang='lat' dir='ltr'>suum</span> <span class='ocrx_word' id='word_1_191' title='bbox 1575 1822 1754 1864; x_wconf 86' lang='lat' dir='ltr'>vertisse</span> 
     </span>
     <span class='ocr_line' id='line_1_24' title="bbox 199 1884 1754 1949; baseline 0 -14"><span class='ocrx_word' id='word_1_192' title='bbox 199 1892 454 1935; x_wconf 89' lang='lat' dir='ltr'>Frontinum</span> <span class='ocrx_word' id='word_1_193' title='bbox 497 1892 771 1935; x_wconf 88' lang='lat' dir='ltr'>consentitur.</span> <span class='ocrx_word' id='word_1_194' title='bbox 781 1884 837 1949; x_wconf 75' lang='lat'>⁶)</span> <span class='ocrx_word' id='word_1_195' title='bbox 882 1892 1048 1934; x_wconf 88' lang='lat' dir='ltr'>Bludau</span> <span class='ocrx_word' id='word_1_196' title='bbox 1089 1893 1259 1948; x_wconf 89' lang='lat' dir='ltr'>quidem</span> <span class='ocrx_word' id='word_1_197' title='bbox 1296 1892 1439 1935; x_wconf 88' lang='lat' dir='ltr'>omnia</span> <span class='ocrx_word' id='word_1_198' title='bbox 1474 1893 1562 1935; x_wconf 88' lang='lat' dir='ltr'>fere</span> <span class='ocrx_word' id='word_1_199' title='bbox 1598 1892 1666 1935; x_wconf 90' lang='lat' dir='ltr'>his</span> <span class='ocrx_word' id='word_1_200' title='bbox 1703 1893 1754 1935; x_wconf 88' lang='lat' dir='ltr'>de</span> 
     </span>
    </p>
   </div>
   <div class='ocr_carea' id='block_1_2' title="bbox 199 2002 338 2005">
    <p class='ocr_par' dir='ltr' id='par_1_3' title="bbox 199 2002 338 2005">
     <span class='ocr_line' id='line_1_25' title="bbox 199 2002 338 2005; baseline 0 0"><span class='ocrx_word' id='word_1_201' title='bbox 199 2002 338 2005; x_wconf 95' lang='lat' dir='ltr'> </span> 
     </span>
    </p>
   </div>
   <div class='ocr_carea' id='block_1_3' title="bbox 198 2061 1762 2943">
    <p class='ocr_par' dir='ltr' id='par_1_4' title="bbox 198 2061 1753 2231">
     <span class='ocr_line' id='line_1_26' title="bbox 318 2061 1752 2115; baseline 0.001 -12"><span class='ocrx_word' id='word_1_202' title='bbox 318 2070 354 2114; x_wconf 90' lang='lat'>1)</span> <span class='ocrx_word' id='word_1_203' title='bbox 378 2068 567 2113; x_wconf 84' lang='lat' dir='ltr'>Pemices,</span> <span class='ocrx_word' id='word_1_204' title='bbox 608 2068 683 2113; x_wconf 80' lang='lat' dir='ltr'>⁷,de</span> <span class='ocrx_word' id='word_1_205' title='bbox 715 2067 850 2104; x_wconf 88' lang='lat' dir='ltr'>Velleii</span> <span class='ocrx_word' id='word_1_206' title='bbox 889 2067 1078 2103; x_wconf 83' lang='lat' dir='ltr'>Paterculi</span> <span class='ocrx_word' id='word_1_207' title='bbox 1114 2067 1186 2103; x_wconf 88' lang='lat' dir='ltr'>fide</span> <span class='ocrx_word' id='word_1_208' title='bbox 1225 2067 1432 2103; x_wconf 85' lang='lat' dir='ltr'>historica“</span> <span class='ocrx_word' id='word_1_209' title='bbox 1470 2061 1592 2115; x_wconf 73' lang='lat'>(1862)</span> <span class='ocrx_word' id='word_1_210' title='bbox 1628 2081 1664 2115; x_wconf 89' lang='lat' dir='ltr'>p.</span> <span class='ocrx_word' id='word_1_211' title='bbox 1693 2074 1752 2113; x_wconf 76' lang='lat'>113</span> 
     </span>
     <span class='ocr_line' id='line_1_27' title="bbox 199 2126 1753 2173; baseline 0.001 -10"><span class='ocrx_word' id='word_1_212' title='bbox 199 2128 243 2163; x_wconf 90' lang='lat' dir='ltr'>U.</span> <span class='ocrx_word' id='word_1_213' title='bbox 263 2127 403 2163; x_wconf 65' lang='lat' dir='ltr'>Kfihler</span> <span class='ocrx_word' id='word_1_214' title='bbox 426 2140 462 2173; x_wconf 89' lang='lat' dir='ltr'>p.</span> <span class='ocrx_word' id='word_1_215' title='bbox 485 2133 540 2173; x_wconf 85' lang='lat'>11,</span> <span class='ocrx_word' id='word_1_216' title='bbox 566 2127 644 2163; x_wconf 89' lang='lat' dir='ltr'>alii.</span> <span class='ocrx_word' id='word_1_217' title='bbox 672 2148 712 2153; x_wconf 91' lang='lat'>—</span> <span class='ocrx_word' id='word_1_218' title='bbox 740 2127 909 2162; x_wconf 87' lang='lat' dir='ltr'>Atticum</span> <span class='ocrx_word' id='word_1_219' title='bbox 929 2127 1055 2172; x_wconf 88' lang='lat' dir='ltr'>inepte</span> <span class='ocrx_word' id='word_1_220' title='bbox 1075 2126 1251 2172; x_wconf 88' lang='lat' dir='ltr'>repudiat</span> <span class='ocrx_word' id='word_1_221' title='bbox 1268 2127 1323 2162; x_wconf 93' lang='lat' dir='ltr'>De</span> <span class='ocrx_word' id='word_1_222' title='bbox 1343 2126 1486 2173; x_wconf 88' lang='lat' dir='ltr'>Oppen,</span> <span class='ocrx_word' id='word_1_223' title='bbox 1511 2128 1587 2172; x_wconf 86' lang='lat' dir='ltr'>„de</span> <span class='ocrx_word' id='word_1_224' title='bbox 1607 2127 1753 2164; x_wconf 85' lang='lat' dir='ltr'>Velleio</span> 
     </span>
     <span class='ocr_line' id='line_1_28' title="bbox 198 2186 902 2231; baseline 0.001 -10"><span class='ocrx_word' id='word_1_225' title='bbox 198 2187 426 2222; x_wconf 84' lang='lat' dir='ltr'>Paterculo“</span> <span class='ocrx_word' id='word_1_226' title='bbox 452 2186 553 2231; x_wconf 80' lang='lat' dir='ltr'>(diss.</span> <span class='ocrx_word' id='word_1_227' title='bbox 580 2186 755 2223; x_wconf 84' lang='lat' dir='ltr'>Rostoch.</span> <span class='ocrx_word' id='word_1_228' title='bbox 783 2188 902 2231; x_wconf 85' lang='grc'>1875).</span> 
     </span>
    </p>

    <p class='ocr_par' dir='ltr' id='par_1_5' title="bbox 318 2245 1530 2292">
     <span class='ocr_line' id='line_1_29' title="bbox 318 2245 1530 2292; baseline 0.002 -12"><span class='ocrx_word' id='word_1_229' title='bbox 318 2249 354 2290; x_wconf 80' lang='lat'>2)</span> <span class='ocrx_word' id='word_1_230' title='bbox 382 2246 465 2290; x_wconf 88' lang='lat' dir='ltr'>„De</span> <span class='ocrx_word' id='word_1_231' title='bbox 491 2245 657 2281; x_wconf 87' lang='lat' dir='ltr'>fontibus</span> <span class='ocrx_word' id='word_1_232' title='bbox 683 2245 821 2281; x_wconf 90' lang='lat' dir='ltr'>Velleii</span> <span class='ocrx_word' id='word_1_233' title='bbox 844 2245 1060 2281; x_wconf 83' lang='lat' dir='ltr'>Paterculi“</span> <span class='ocrx_word' id='word_1_234' title='bbox 1089 2245 1190 2291; x_wconf 88' lang='lat' dir='ltr'>(diss.</span> <span class='ocrx_word' id='word_1_235' title='bbox 1217 2245 1380 2283; x_wconf 87' lang='lat' dir='ltr'>Berolin.</span> <span class='ocrx_word' id='word_1_236' title='bbox 1410 2248 1530 2292; x_wconf 81' lang='lat'>1884).</span> 
     </span>
    </p>

    <p class='ocr_par' dir='ltr' id='par_1_6' title="bbox 320 2305 915 2350">
     <span class='ocr_line' id='line_1_30' title="bbox 320 2305 915 2350; baseline 0.002 -10"><span class='ocrx_word' id='word_1_237' title='bbox 320 2306 355 2350; x_wconf 90' lang='lat'>3)</span> <span class='ocrx_word' id='word_1_238' title='bbox 381 2305 521 2340; x_wconf 66' lang='lat' dir='ltr'>Kohler</span> <span class='ocrx_word' id='word_1_239' title='bbox 544 2317 580 2350; x_wconf 93' lang='lat' dir='ltr'>p.</span> <span class='ocrx_word' id='word_1_240' title='bbox 603 2310 663 2349; x_wconf 74' lang='lat'>113</span> <span class='ocrx_word' id='word_1_241' title='bbox 688 2305 802 2340; x_wconf 88' lang='lat' dir='ltr'>Klebs</span> <span class='ocrx_word' id='word_1_242' title='bbox 827 2317 862 2350; x_wconf 89' lang='lat' dir='ltr'>p.</span> <span class='ocrx_word' id='word_1_243' title='bbox 884 2309 915 2341; x_wconf 78' lang='grc' dir='ltr'>ὃ.</span> 
     </span>
    </p>

    <p class='ocr_par' dir='ltr' id='par_1_7' title="bbox 199 2363 1753 2647">
     <span class='ocr_line' id='line_1_31' title="bbox 317 2363 1751 2410; baseline 0 -11"><span class='ocrx_word' id='word_1_244' title='bbox 317 2366 355 2410; x_wconf 88' lang='grc'>4)</span> <span class='ocrx_word' id='word_1_245' title='bbox 387 2364 527 2409; x_wconf 89' lang='lat' dir='ltr'>Kempf</span> <span class='ocrx_word' id='word_1_246' title='bbox 559 2363 599 2398; x_wconf 89' lang='lat' dir='ltr'>in</span> <span class='ocrx_word' id='word_1_247' title='bbox 636 2363 812 2399; x_wconf 86' lang='lat' dir='ltr'>editionis</span> <span class='ocrx_word' id='word_1_248' title='bbox 849 2366 972 2410; x_wconf 83' lang='lat'>(1854)</span> <span class='ocrx_word' id='word_1_249' title='bbox 1006 2364 1122 2410; x_wconf 86' lang='lat' dir='ltr'>praef.</span> <span class='ocrx_word' id='word_1_250' title='bbox 1160 2376 1195 2409; x_wconf 91' lang='lat' dir='ltr'>p.</span> <span class='ocrx_word' id='word_1_251' title='bbox 1224 2368 1266 2400; x_wconf 79' lang='lat'>17</span> <span class='ocrx_word' id='word_1_252' title='bbox 1285 2376 1356 2409; x_wconf 84' lang='lat' dir='ltr'>sq.;</span> <span class='ocrx_word' id='word_1_253' title='bbox 1395 2364 1438 2400; x_wconf 88' lang='lat' dir='ltr'>U.</span> <span class='ocrx_word' id='word_1_254' title='bbox 1475 2363 1616 2400; x_wconf 68' lang='lat' dir='ltr'>Kohler</span> <span class='ocrx_word' id='word_1_255' title='bbox 1652 2364 1677 2400; x_wconf 87' lang='lat'>1.</span> <span class='ocrx_word' id='word_1_256' title='bbox 1707 2363 1751 2408; x_wconf 84' lang='lat'>1.;</span> 
     </span>
     <span class='ocr_line' id='line_1_32' title="bbox 199 2422 1751 2468; baseline 0 -10"><span class='ocrx_word' id='word_1_257' title='bbox 199 2424 395 2468; x_wconf 80' lang='lat' dir='ltr'>Eischner,</span> <span class='ocrx_word' id='word_1_258' title='bbox 420 2422 687 2468; x_wconf 81' lang='lat' dir='ltr'>„quaestiones</span> <span class='ocrx_word' id='word_1_259' title='bbox 707 2422 960 2459; x_wconf 84' lang='lat' dir='ltr'>Valerianae“</span> <span class='ocrx_word' id='word_1_260' title='bbox 987 2422 1088 2468; x_wconf 89' lang='lat' dir='ltr'>(diss.</span> <span class='ocrx_word' id='word_1_261' title='bbox 1111 2425 1217 2468; x_wconf 83' lang='lat'>1864)</span> <span class='ocrx_word' id='word_1_262' title='bbox 1243 2435 1278 2468; x_wconf 89' lang='lat' dir='ltr'>p.</span> <span class='ocrx_word' id='word_1_263' title='bbox 1300 2427 1361 2467; x_wconf 82' lang='lat'>323</span> <span class='ocrx_word' id='word_1_264' title='bbox 1388 2423 1568 2468; x_wconf 85' lang='lat' dir='ltr'>Zschech,</span> <span class='ocrx_word' id='word_1_265' title='bbox 1594 2423 1668 2467; x_wconf 79' lang='lat' dir='ltr'>„de</span> <span class='ocrx_word' id='word_1_266' title='bbox 1695 2423 1751 2459; x_wconf 91' lang='lat' dir='ltr'>Ci-</span> 
     </span>
     <span class='ocr_line' id='line_1_33' title="bbox 199 2481 1752 2529; baseline 0.001 -12"><span class='ocrx_word' id='word_1_267' title='bbox 199 2493 331 2518; x_wconf 89' lang='lat' dir='ltr'>cerone</span> <span class='ocrx_word' id='word_1_268' title='bbox 357 2483 395 2518; x_wconf 87' lang='lat' dir='ltr'>et</span> <span class='ocrx_word' id='word_1_269' title='bbox 419 2481 525 2518; x_wconf 87' lang='lat' dir='ltr'>Livio</span> <span class='ocrx_word' id='word_1_270' title='bbox 545 2481 687 2518; x_wconf 87' lang='lat' dir='ltr'>Valerii</span> <span class='ocrx_word' id='word_1_271' title='bbox 712 2481 867 2517; x_wconf 83' lang='lat' dir='ltr'>Maximi</span> <span class='ocrx_word' id='word_1_272' title='bbox 898 2482 1093 2518; x_wconf 86' lang='lat' dir='ltr'>fontibus“</span> <span class='ocrx_word' id='word_1_273' title='bbox 1120 2482 1221 2529; x_wconf 85' lang='lat' dir='ltr'>(diss.</span> <span class='ocrx_word' id='word_1_274' title='bbox 1242 2481 1404 2518; x_wconf 85' lang='lat' dir='ltr'>Berolin.</span> <span class='ocrx_word' id='word_1_275' title='bbox 1432 2483 1555 2528; x_wconf 79' lang='lat'>1865);</span> <span class='ocrx_word' id='word_1_276' title='bbox 1580 2481 1752 2528; x_wconf 82' lang='lat' dir='ltr'>Kriegeri</span> 
     </span>
     <span class='ocr_line' id='line_1_34' title="bbox 200 2539 1753 2586; baseline -0.001 -9"><span class='ocrx_word' id='word_1_277' title='bbox 200 2541 432 2586; x_wconf 84' lang='lat' dir='ltr'>dissertatio,</span> <span class='ocrx_word' id='word_1_278' title='bbox 466 2540 629 2586; x_wconf 82' lang='lat' dir='ltr'>„quibus</span> <span class='ocrx_word' id='word_1_279' title='bbox 660 2541 827 2576; x_wconf 72' lang='lat' dir='ltr'>fontibus</span> <span class='ocrx_word' id='word_1_280' title='bbox 862 2540 1032 2577; x_wconf 86' lang='lat' dir='ltr'>Valerius</span> <span class='ocrx_word' id='word_1_281' title='bbox 1063 2540 1247 2577; x_wconf 86' lang='lat' dir='ltr'>Maximus</span> <span class='ocrx_word' id='word_1_282' title='bbox 1278 2553 1365 2577; x_wconf 87' lang='lat' dir='ltr'>usus</span> <span class='ocrx_word' id='word_1_283' title='bbox 1397 2540 1476 2577; x_wconf 83' lang='lat' dir='ltr'>sit“</span> <span class='ocrx_word' id='word_1_284' title='bbox 1507 2543 1629 2586; x_wconf 89' lang='lat'>(1888)</span> <span class='ocrx_word' id='word_1_285' title='bbox 1658 2539 1753 2576; x_wconf 85' lang='lat' dir='ltr'>mihi</span> 
     </span>
     <span class='ocr_line' id='line_1_35' title="bbox 199 2599 557 2647; baseline -0.003 -12"><span class='ocrx_word' id='word_1_286' title='bbox 199 2602 349 2647; x_wconf 86' lang='lat' dir='ltr'>praesto</span> <span class='ocrx_word' id='word_1_287' title='bbox 374 2611 449 2636; x_wconf 92' lang='lat' dir='ltr'>non</span> <span class='ocrx_word' id='word_1_288' title='bbox 473 2599 557 2635; x_wconf 89' lang='lat' dir='ltr'>fuit.</span> 
     </span>
    </p>

    <p class='ocr_par' dir='ltr' id='par_1_8' title="bbox 200 2658 1762 2755">
     <span class='ocr_line' id='line_1_36' title="bbox 318 2658 1751 2706; baseline -0.001 -11"><span class='ocrx_word' id='word_1_289' title='bbox 318 2663 353 2706; x_wconf 84' lang='lat'>5)</span> <span class='ocrx_word' id='word_1_290' title='bbox 378 2659 538 2694; x_wconf 85' lang='lat' dir='ltr'>Dirksen</span> <span class='ocrx_word' id='word_1_291' title='bbox 568 2659 607 2694; x_wconf 90' lang='lat' dir='ltr'>in</span> <span class='ocrx_word' id='word_1_292' title='bbox 637 2658 851 2704; x_wconf 75' lang='lat' dir='ltr'>„AbhandL</span> <span class='ocrx_word' id='word_1_293' title='bbox 878 2659 912 2695; x_wconf 92' lang='lat' dir='ltr'>d.</span> <span class='ocrx_word' id='word_1_294' title='bbox 932 2659 1028 2695; x_wconf 89' lang='lat' dir='ltr'>Berl.</span> <span class='ocrx_word' id='word_1_295' title='bbox 1049 2659 1194 2696; x_wconf 82' lang='lat' dir='ltr'>Akad.“</span> <span class='ocrx_word' id='word_1_296' title='bbox 1225 2663 1314 2696; x_wconf 81' lang='lat'>1845</span> <span class='ocrx_word' id='word_1_297' title='bbox 1340 2659 1392 2694; x_wconf 92' lang='lat' dir='ltr'>III</span> <span class='ocrx_word' id='word_1_298' title='bbox 1415 2671 1451 2705; x_wconf 90' lang='lat' dir='ltr'>p.</span> <span class='ocrx_word' id='word_1_299' title='bbox 1474 2662 1554 2694; x_wconf 83' lang='lat'>124.</span> <span class='ocrx_word' id='word_1_300' title='bbox 1603 2658 1751 2704; x_wconf 87' lang='lat' dir='ltr'>Kempf,</span> 
     </span>
     <span class='ocr_line' id='line_1_37' title="bbox 200 2718 1762 2755; baseline 0 -1"><span class='ocrx_word' id='word_1_301' title='bbox 200 2719 381 2755; x_wconf 87' lang='lat' dir='ltr'>Elschner</span> <span class='ocrx_word' id='word_1_302' title='bbox 404 2718 429 2754; x_wconf 93' lang='lat' dir='ltr'>l.</span> <span class='ocrx_word' id='word_1_303' title='bbox 456 2718 479 2754; x_wconf 92' lang='lat' dir='ltr'>l.</span> <span class='ocrx_word' id='word_1_304' title='bbox 1759 2740 1762 2743; x_wconf 93' lang='lat'>·</span> 
     </span>
    </p>

    <p class='ocr_par' dir='ltr' id='par_1_9' title="bbox 201 2776 1750 2943">
     <span class='ocr_line' id='line_1_38' title="bbox 319 2776 1750 2823; baseline -0.002 -9"><span class='ocrx_word' id='word_1_305' title='bbox 319 2780 354 2823; x_wconf 91' lang='lat'>6)</span> <span class='ocrx_word' id='word_1_306' title='bbox 380 2777 553 2813; x_wconf 69' lang='lat' dir='ltr'>Wolfflin</span> <span class='ocrx_word' id='word_1_307' title='bbox 581 2776 622 2812; x_wconf 90' lang='lat' dir='ltr'>in</span> <span class='ocrx_word' id='word_1_308' title='bbox 651 2777 775 2813; x_wconf 87' lang='lat' dir='ltr'>Herm.</span> <span class='ocrx_word' id='word_1_309' title='bbox 802 2777 851 2812; x_wconf 92' lang='lat' dir='ltr'>IX</span> <span class='ocrx_word' id='word_1_310' title='bbox 880 2789 916 2822; x_wconf 86' lang='lat' dir='ltr'>p.</span> <span class='ocrx_word' id='word_1_311' title='bbox 943 2781 1004 2820; x_wconf 79' lang='lat'>823</span> <span class='ocrx_word' id='word_1_312' title='bbox 1036 2777 1200 2823; x_wconf 77' lang='lat' dir='ltr'>ffludau,</span> <span class='ocrx_word' id='word_1_313' title='bbox 1240 2778 1316 2823; x_wconf 86' lang='lat' dir='ltr'>„de</span> <span class='ocrx_word' id='word_1_314' title='bbox 1349 2777 1516 2813; x_wconf 84' lang='lat' dir='ltr'>fontibus</span> <span class='ocrx_word' id='word_1_315' title='bbox 1548 2776 1750 2812; x_wconf 83' lang='lat' dir='ltr'>Frontini“</span> 
     </span>
     <span class='ocr_line' id='line_1_39' title="bbox 203 2835 1750 2883; baseline -0.001 -11"><span class='ocrx_word' id='word_1_316' title='bbox 203 2838 304 2883; x_wconf 86' lang='lat' dir='ltr'>(diss.</span> <span class='ocrx_word' id='word_1_317' title='bbox 324 2839 447 2882; x_wconf 84' lang='lat'>1883);</span> <span class='ocrx_word' id='word_1_318' title='bbox 473 2836 739 2872; x_wconf 85' lang='lat' dir='ltr'>Gundermann</span> <span class='ocrx_word' id='word_1_319' title='bbox 763 2837 802 2872; x_wconf 90' lang='lat' dir='ltr'>in</span> <span class='ocrx_word' id='word_1_320' title='bbox 828 2848 912 2872; x_wconf 88' lang='lat' dir='ltr'>ann.</span> <span class='ocrx_word' id='word_1_321' title='bbox 938 2836 1030 2882; x_wconf 85' lang='lat' dir='ltr'>phil.</span> <span class='ocrx_word' id='word_1_322' title='bbox 1051 2837 1172 2882; x_wconf 89' lang='lat' dir='ltr'>suppl.</span> <span class='ocrx_word' id='word_1_323' title='bbox 1195 2836 1279 2872; x_wconf 91' lang='lat' dir='ltr'>XVI</span> <span class='ocrx_word' id='word_1_324' title='bbox 1300 2837 1421 2883; x_wconf 85' lang='lat'>(1888)</span> <span class='ocrx_word' id='word_1_325' title='bbox 1450 2848 1485 2881; x_wconf 86' lang='lat' dir='ltr'>p.</span> <span class='ocrx_word' id='word_1_326' title='bbox 1506 2839 1593 2879; x_wconf 87' lang='lat'>318;</span> <span class='ocrx_word' id='word_1_327' title='bbox 1618 2835 1750 2880; x_wconf 83' lang='lat' dir='ltr'>Fritze,</span> 
     </span>
     <span class='ocr_line' id='line_1_40' title="bbox 201 2895 1664 2943; baseline 0.001 -12"><span class='ocrx_word' id='word_1_328' title='bbox 201 2898 276 2943; x_wconf 81' lang='lat' dir='ltr'>„de</span> <span class='ocrx_word' id='word_1_329' title='bbox 301 2896 373 2932; x_wconf 81' lang='lat' dir='ltr'>Iuli</span> <span class='ocrx_word' id='word_1_330' title='bbox 397 2895 565 2931; x_wconf 87' lang='lat' dir='ltr'>Frontini</span> <span class='ocrx_word' id='word_1_331' title='bbox 591 2896 888 2942; x_wconf 83' lang='lat' dir='ltr'>strategematon</span> <span class='ocrx_word' id='word_1_332' title='bbox 912 2895 1010 2932; x_wconf 88' lang='lat' dir='ltr'>libro</span> <span class='ocrx_word' id='word_1_333' title='bbox 1037 2897 1171 2942; x_wconf 85' lang='lat' dir='ltr'>quarto</span> <span class='ocrx_word' id='word_1_334' title='bbox 1180 2899 1201 2916; x_wconf 90' lang='grc'>“</span> <span class='ocrx_word' id='word_1_335' title='bbox 1229 2895 1331 2942; x_wconf 84' lang='lat' dir='ltr'>(diss.</span> <span class='ocrx_word' id='word_1_336' title='bbox 1357 2895 1525 2931; x_wconf 84' lang='lat' dir='ltr'>Hallens.</span> <span class='ocrx_word' id='word_1_337' title='bbox 1547 2897 1664 2942; x_wconf 89' lang='lat'>1888).</span> 
     </span>
    </p>
   </div>
   <div class='ocr_carea' id='block_1_4' title="bbox 1860 0 1916 601">
    <p class='ocr_par' dir='ltr' id='par_1_10' title="bbox 1860 0 1916 601">
     <span class='ocr_line' id='line_1_41' title="bbox 1860 0 1916 601; baseline 0 2577"><span class='ocrx_word' id='word_1_338' title='bbox 1860 0 1916 601; x_wconf 95' lang='lat' dir='ltr'> </span> 
     </span>
    </p>
   </div>
  </div>
 </body>
</html>
