1916 3178
805 155 1096 196 -11-

184 315 215 320 ⁷
246 255 348 306 *fle
390 261 614 306 contendit
656 263 700 303 et
738 260 851 303 Livii
900 263 944 303 et
983 261 1144 303 Lucani
1186 261 1437 304 memoriam
1478 261 1655 304 Florum
1698 261 1741 303 in

111 331 158 394 ἦ..
194 330 217 333 ’
247 346 348 377 mue
391 333 534 390 operis
575 332 689 375 libro
731 332 858 375 unico
902 332 1014 375 fonti
1056 347 1152 389 suo,
1189 332 1372 376 Senecae
1412 332 1526 389 patri
1568 332 1740 375 debere:

99 402 386 472 ’,ᾗ
423 404 604 461 scilicet,
643 419 782 460 neque
819 419 920 446 vero
959 404 1198 447 accuratius
1237 405 1530 447 demonstrare
1563 407 1742 447 conatus

235 479 263 510 ἰ
311 476 603 521 Concedamus
646 476 819 532 quidem
863 476 920 532 ei,
964 476 1095 518 etiam
1137 475 1320 519 Senecae
1363 476 1524 519 librum
1563 476 1741 518 Florum

328 549 451 592 ·sed
481 548 586 606 quin
617 551 784 591 ceteros
814 547 913 590 illos
945 547 1193 604 scriptores,
1231 547 1457 604 praecipue
1490 547 1741 590 Sallustium

12 627 13 630 ’
86 614 127 637 ⁴·
139 620 321 680 ᾖξειιίῑ
345 623 475 678 atque
499 620 730 676 usurparit,
761 619 911 675 procul
937 619 1068 661 dubio
1095 622 1170 662 est.
1199 645 1252 649 -
1279 619 1472 661 Libellus
1504 619 1582 661 de
1614 619 1742 661 viris

4 690 10 719 ³
83 690 500 749 {ti-afflustribus’,
524 691 598 748 qui
623 690 802 735 Aurelio
821 691 989 734 Victori
1015 690 1124 733 falso
1151 690 1481 746 attribuebatur,
1506 689 1741 748 Kohlero¹)

2 754 17 828 ,ιγ
65 772 133 826 212³
160 763 349 811 maxime
398 779 422 806 e
459 763 583 806 Livio
639 765 865 818 excerptus
910 777 1019 818 esse,
1073 762 1147 805 sed
1196 761 1292 804 aliis
1343 761 1549 804 adhibitis
1599 765 1740 805 aucto-

3 830 29 858 Ψ
159 834 288 881 ‘fibus
305 859 307 862 ⁴
324 835 442 879 visus
479 838 556 878 est.
622 834 781 877 Postea
821 834 874 876 ad
915 833 1134 876 annalium
1175 833 1405 889 scriptores
1443 833 1566 876 illum
1604 834 1742 875 redire

3 910 5 915 ⁴
75 899 127 966 {1⁶
142 946 145 952 ,
159 907 486 964 existimarunt,
534 909 864 962 statueruntque
911 906 1152 948 Mommsen
1160 903 1196 962 2)
1244 905 1467 948 Valerium
1507 904 1741 961 Antiatem,

161 978 443 1036 Gnlpumium
489 978 692 1022 Pisonem
738 975 1071 1034 Aldenhoven.³)
1146 976 1229 1020 Sed
1274 977 1434 1019 rectius
1484 976 1570 1019 iam
1616 979 1742 1018 antea

163 1050 493 1110 biographicum
535 1050 681 1106 potius
722 1049 976 1105 scriptorem
1020 1064 1117 1091 cum
1159 1048 1346 1091 auctoris
1391 1047 1465 1090 ‘de
1502 1047 1606 1090 viris
1647 1048 1741 1090 illu-

62 1146 94 1182 ..²-
164 1122 350 1167 stribus'
381 1125 476 1166 tum
500 1121 727 1178 Ampelii
758 1120 859 1163 libri
891 1120 1154 1163 memorialis
1185 1120 1351 1162 fontem
1383 1134 1475 1162 esse
1507 1119 1741 1162 arbitratus

163 1191 414 1252 Wfflfflffl‘)
456 1193 682 1251 Hyginum
723 1193 1040 1248 nominaverat,
1089 1192 1210 1234 cuius
1253 1192 1343 1234 fere
1387 1191 1440 1233 ad
1484 1191 1742 1233 sententiam

83 1304 89 1308 ,
126 1308 129 1310 .
162 1280 388 1311 recurrens
423 1263 710 1322 Mommsen⁵)
749 1264 996 1307 Cornelium
1027 1263 1243 1320 Nepotem
1282 1262 1499 1319 praetulit.
1563 1262 1742 1305 Difficil-

156 1337 314 1389 limum
342 1337 455 1381 hano
485 1337 782 1394 quaestionem
814 1337 922 1379 bene
954 1335 1084 1378 solvit
1114 1335 1168 1377 H.
1195 1333 1406 1392 Haupt⁴''),
1448 1334 1522 1390 qui
1553 1334 1740 1376 vitarum

163 1409 418 1467 scriptorem
454 1409 621 1452 fontem
661 1407 938 1451 statuendum
979 1422 1071 1450 esse
1108 1405 1309 1462 Ampelio
1351 1408 1394 1448 et
1435 1405 1536 1448 huic
1577 1405 1741 1448 auctori

165 1495 454 1537 communem,
485 1495 584 1523 eum
616 1482 760 1522 autem
793 1494 884 1522 esse
911 1478 1157 1522 Cornelium
1181 1477 1416 1533 Nepotem,
1447 1479 1668 1532 praeterea
1700 1479 1743 1518 et

163 1552 304 1597 multa
339 1552 517 1610 ¹singula
566 1554 610 1594 et
655 1550 896 1606 complures
939 1550 1051 1592 vitas
1102 1565 1124 1592 e
1167 1549 1290 1591 Livio
1341 1547 1543 1606 (fortasse
1588 1547 1741 1590 melius

161 1624 382 1682 epitomen
420 1623 540 1667 illam
579 1623 802 1666 Livianam
841 1619 1105 1678 nominaret)
1146 1623 1318 1676 sumpta
1359 1635 1450 1662 esse
1492 1619 1737 1662 acutissime

162 1694 365 1740 ostendit.
421 1695 523 1739 Hoc
553 1709 686 1738 unum
718 1696 868 1737 contra
898 1692 1139 1749 Hauptium
1175 1691 1400 1734 defendam
1431 1691 1609 1733 Florum
1640 1706 1742 1746 quo-

164 1780 262 1824 qne·
286 1782 491 1824 persaepe
530 1769 574 1810 et
614 1766 668 1808 ab
699 1764 900 1821 Ampelio
944 1767 987 1807 et
1028 1765 1082 1807 ab
1114 1761 1490 1807 Pseudo-Aurelio
1535 1762 1580 1805 in
1624 1777 1741 1805 exor-

161 1839 320 1885 nandis
348 1839 480 1883 rebus
513 1837 756 1881 adhibitum
788 1835 932 1894 esse.⁷)

282 1909 542 1954 Velleium
565 1909 897 1953 Paterculum
921 1923 1009 1951 non
1034 1908 1088 1950 ad
1119 1908 1236 1964 ipsos
1267 1907 1487 1950 annalium
1512 1906 1743 1962 scriptores

147 1980 396 2025 recurrisse
426 1995 505 2037 per
531 1996 576 2024 se
601 1983 732 2037 patet.
782 1980 918 2023 Primi
945 1982 1090 2022 autem
1114 1979 1215 2021 libri
1243 1994 1331 2034 cap.
1359 1980 1472 2022 1—9
1505 1993 1527 2020 e
1555 1977 1741 2020 Cornelii

164 2051 350 2110 Nepotis
368 2051 582 2096 chronicis
607 2051 782 2095 fluxisse
802 2049 1082 2108 Sauppiumss)
1109 2050 1244 2093 secuti
1271 2064 1420 2092 omnes
1449 2049 1743 2106 consentiunt3

42 1968 75 2021 ξι

289 2209 324 2253 1)
349 2205 391 2243 11.
414 2218 452 2252 p.
472 2210 531 2243 41.

287 2267 327 2313 2)
351 2265 508 2305 Hennes
533 2265 549 2302 Ι
573 2278 611 2312 p.
633 2268 712 2302 168.

287 2326 325 2371 3)
348 2324 476 2361 Herm.
501 2323 536 2361 V
559 2336 597 2370 p.
618 2327 700 2360 150.

286 2386 326 2432 4)
351 2383 436 2431 „De
461 2383 569 2420 Lucii
587 2383 753 2430 Ampelii
779 2383 875 2419 libro
903 2382 1141 2419 mamoazer*
1169 2370 1719 2429 (diss.Gotting.1854)‘p.4o.

289 2448 327 2489 ὅ)
351 2443 528 2491 Epistula
553 2443 718 2489 quadam
743 2443 791 2480 ad
817 2442 862 2479 H.
888 2443 1094 2479 Jordanum
1121 2441 1282 2488 scripta,
1309 2443 1355 2478 cf.
1381 2441 1505 2477 Herm.
1526 2440 1578 2476 VI
1603 2452 1638 2485 p.
1660 2444 1743 2477 207.

166 2540 170 2542 s
291 2506 330 2551 6)
356 2504 441 2551 „De
467 2504 621 2540 auctore
653 2503 700 2539 de
731 2502 822 2539 viris
854 2502 1067 2539 illustribus
1100 2502 1341 2548 quaestiones
1373 2500 1608 2537 historicae“
1636 2498 1741 2545 (diss.

167 2564 374 2612 Herbopol.
401 2564 522 2610 1876).

291 2626 328 2660 ‘n
355 2621 596 2660 Cf.W61fflin
614 2634 652 2668 p.
672 2626 736 2666 423
761 2621 964 2658 U.K6h1er
987 2634 1023 2667 p.
1040 2625 1102 2665 413
1130 2621 1294 2667 Spengel
1318 2633 1354 2666 p.
1375 2624 1462 2663 3483
1489 2619 1744 2663 Rosenhauer,

171 2683 251 2733 „do
279 2682 448 2723 fontibus
481 2681 571 2718 libri
608 2682 654 2717 de
689 2680 781 2718 viris
816 2681 1061 2718 illustribus“
1094 2684 1207 2724 1882·
1242 2679 1384 2716 Lucani
1420 2680 1547 2715 autem
1582 2677 1746 2724 vestigia

171 2713 318 2778 dinosci
346 2740 488 2778 iniuria.
513 2740 650 2777 statuit
674 2741 924 2788 Westerburg
948 2741 969 2776 l
1000 2740 1024 2776 l.
1049 2753 1086 2786 p.
1107 2744 1164 2776 49.
1192 2761 1235 2766 —
1264 2739 1438 2775 Ceterum
1464 2738 1582 2774 etiam
1610 2737 1743 2774 Corne-

171 2801 266 2841 lium
291 2801 341 2838 ab
365 2801 540 2850 Ampelio
566 2801 707 2837 lectum
732 2802 848 2846 atque
881 2800 923 2836 in
949 2802 1161 2836 exterorum
1185 2798 1381 2836 hominum
1405 2796 1497 2834 vitis
1522 2797 1744 2843 usurpatum

173 2871 256 2901 esse
279 2860 363 2908 ipso
387 2860 503 2898 evicit
527 2859 706 2896 Wfflfflin
730 2860 755 2897 l.
774 2860 800 2897 1.
826 2873 862 2907 p.
884 2864 940 2897 32.

254 2959 258 2963 ,
294 2921 368 2966 8),
371 2920 598 2966 ,Schweizer
622 2919 824 2957 Museum“
843 2921 860 2957 I
886 2921 1008 2966 (1837)
1033 2932 1070 2965 p.
1093 2922 1172 2955 145.
