1976 3190
481 146 681 184 Enarratio
706 149 859 182 52-58.
886 167 930 173 —-
957 146 1186 194 Fragmenta
1208 151 1356 185 19—25.
1647 148 1702 191 13

237 255 362 304 ⁶82³.
422 258 547 302 Post
577 255 920 300 defectionem
951 255 1206 299 sociorum
1239 261 1288 300 et
1319 257 1467 300 Latii.

21 375 27 383 2,
63 345 201 405 ,35:*2'
234 343 358 401 xpp.
402 351 434 398 (Ι
453 356 496 388 17
509 351 555 398 D,
574 351 620 397 K,
640 353 685 386 69
700 349 743 395 e,
768 349 804 385 11
826 361 862 396 p.
885 352 953 384 138
968 349 1043 395 ΒΥ.)
1071 371 1114 375 -
1139 350 1275 386 Donat.
1303 351 1353 386 ad
1371 351 1519 386 Terent.
1540 349 1699 396 Adelph.

59 385 248 450 -ῖπ-ίῌἊ,
270 402 330 436 12.
361 400 374 446 Ι
405 398 671 446 defectionem]
708 396 965 433 defensionem
1005 397 1091 434 OD.
1132 419 1175 423 ——
1214 400 1252 433 et
1288 398 1403 445 Latii]
1442 398 1626 434 sociorum
1663 400 1702 434 et

62 445 295 515 5322ssan
318 447 372 494 D,
395 449 449 485 ed.
470 460 554 494 pr.;
577 446 701 483 relatu
727 445 909 481 sotiorum
937 445 976 482 O.

249 530 360 579 23*.
422 532 624 590 Quippe
653 533 800 575 vasta
830 530 984 573 Italia
1014 530 1228 587 rapinis,
1267 531 1405 588 fuga,
1444 531 1698 575 caedibus.

108 672 212 714 lm
240 626 369 712 ffipb
401 627 433 674 (I
457 630 502 663 36
515 626 567 673 D,
594 629 639 662 19
652 625 704 671 K,
731 628 776 660 75
789 623 839 670 G,
870 625 887 660 Ι
911 636 946 670 p.
968 627 1037 659 435
1051 623 1126 669 Br.)
1161 645 1204 650 —
1238 624 1337 660 Serv.
1365 625 1493 670 (schol.
1517 625 1625 671 Dan.)
1651 625 1701 661 ad

250 739 418 781 Oomrn.
467 740 528 780 De
554 738 755 780 sociorum
783 738 890 777 bello
915 737 990 776 hoc
1021 737 1247 789 fragmento
1274 736 1352 788 agi,
1384 750 1463 776 non
1489 736 1536 776 de
1563 737 1700 776 Sullae

126 800 501 858 proscriptionibus,
534 799 643 851 quod
672 799 872 849 putarunt
898 796 1068 837 Gerlach
1100 798 1222 847 atque
1249 796 1424 847 Dietsch,
1461 797 1545 836 veri
1571 797 1698 836 simile

0 870 1 879 ¹
127 839 243 910 netis
266 873 374 910 eum·
395 859 550 900 Kritzio
586 858 748 899 videtui-
785 857 932 897 conato
964 856 1196 909 Augustino
1235 856 1282 895 de
1321 856 1392 896 civ.
1425 855 1501 895 Dei
1532 856 1593 895 111
1626 858 1700 895 26:

126 910 297 978 meinde
328 919 495 960 socialia
523 919 632 960 bella
663 919 914 970 exarserunt,
951 917 1098 967 quibus
1129 917 1254 956 Italia
1285 917 1520 955 vehementer
1551 917 1700 964 afflicta

129 980 166 1020 et
193 980 248 1020 ad
277 981 496 1020 vastitatem
526 978 795 1019 miserabilem
826 978 1150 1025 desertionemque
1180 975 1374 1027 perducta
1405 971 1492 1014 est.'

47 1115 49 1118 .
247 1069 326 1117 24.
386 1071 654 1115 Postremo
692 1069 836 1126 ipsos
880 1068 1090 1112 colonos
1133 1070 1224 1124 per
1266 1067 1502 1110 miserias
1542 1070 1592 1109 et
1629 1067 1699 1110 in—

43 1138 62 1155 ’”
127 1145 270 1197 certa
298 1142 507 1187 humani
537 1141 745 1201 generis
777 1155 933 1184 orare.

130 1285 161 1323 Δ
238 1236 355 1325 ἐξ).
405 1236 438 1284 (Ι
463 1240 508 1273 19
521 1236 572 1283 D,
605 1240 649 1272 21
663 1235 715 1282 K,
741 1239 786 1279 55
803 1234 851 1281 G,
877 1235 895 1271 Ι
918 1247 953 1281 p.
974 1237 1044 1270 497
1058 1234 1133 1280 Br.)
1161 1255 1205 1260 -
1233 1234 1333 1270 Serv.
1361 1233 1489 1280 (schol.
1516 1233 1625 1279 Dan.)
1651 1234 1701 1268 ad

161 1295 219 1323 en.
341 1314 350 1322 .

7 1382 30 1401 x
249 1349 418 1392 Comm.
479 1349 546 1391 Ad
580 1349 756 1389 Marium
791 1349 921 1389 Roma
962 1348 1176 1399 expulsum
1211 1347 1334 1387 verba
1372 1347 1579 1386 referenda
1616 1359 1700 1386 esse

50 1420 55 1424 '
125 1410 211 1465 im
228 1410 399 1452 coniecit
415 1410 547 1461 Kritz;
573 1411 697 1461 atque
717 1409 946 1449 accuratius
966 1407 1121 1448 definiri
1140 1420 1256 1458 posse
1274 1421 1359 1446 rem
1377 1408 1488 1458 puto.
1539 1407 1700 1446 Etenim

12 1522 19 1526 .
126 1468 282 1513 Marius
307 1483 400 1511 cum
424 1471 664 1522 tempestate
693 1470 856 1509 coactus
888 1470 992 1508 esset
1023 1467 1118 1507 navi
1150 1467 1356 1507 escendere
1389 1480 1435 1506 ac
1466 1480 1590 1518 prope
1618 1466 1699 1506 Cir-

4 1527 5 1531 *
30 1532 34 1534 ’
70 1559 74 1561 Δ
129 1531 235 1573 ceios
266 1530 603 1581 Terracinamque
636 1529 679 1568 in
716 1529 834 1569 litore
865 1529 1100 1581 vagaretur,
1140 1527 1189 1566 ab
1228 1527 1414 1579 agricolis
1447 1526 1699 1578 quibusdam,

127 1590 172 1631 in
204 1595 310 1644 'quos
344 1589 504 1643 incidit,
542 1589 739 1629 auxilium
775 1588 912 1640 petiit3
953 1590 1133 1627 attamen
1170 1587 1213 1625 hi
1243 1587 1418 1626 Marium
1448 1586 1519 1625 ubi
1556 1599 1699 1638 cogno—

127 1663 220 1707 Ῡθῑθ
250 1650 460 1694 abscedere
492 1663 613 1703 quam
646 1649 849 1690 celerrime
881 1649 1097 1700 iusserunt,
1130 1647 1268 1686 Sullae
1300 1647 1460 1698 equites
1482 1646 1552 1697 qui
1577 1660 1700 1697 prope

128 1711 245 1754 mut
281 1710 470 1751 timentes
511 1704 639 1766 (Plut.
677 1710 777 1749 Mar.
816 1723 847 1749 c.
875 1703 963 1763 36).
1030 1708 1144 1747 Hanc
1185 1707 1313 1759 igitur
1351 1720 1435 1746 rem
1474 1707 1699 1758 fragmento

124 1769 325 1826 illustrari
354 1770 562 1811 existimo.—

246 1849 366 1907 2⁵†.
419 1849 612 1894 Incidit
648 1850 784 1892 forte
822 1863 913 1905 per
948 1850 1150 1891 noctem
1181 1847 1231 1890 in
1261 1846 1591 1890 lenunculum
1627 1846 1701 1902 pi-

127 1921 335 1966 scantia.

246 2017 354 2064 App.
399 2015 449 2063 (II
468 2015 566 2062 661),
593 2016 690 2062 75Κ,
716 2018 761 2051 86
777 2015 825 2061 G,
851 2015 887 2050 H
910 2027 946 2061 p.
970 2017 1036 2050 127
1050 2014 1127 2060 ΒΥ.)
1155 2035 1198 2039 -
1225 2012 1370 2049 Nonius
1390 2012 1477 2047 XIII
1495 2024 1530 2058 p.
1553 2015 1632 2048 534.
1655 2033 1698 2038 —

126 2064 226 2102 Hist.
244 2064 312 2102 lib.
331 2064 368 2101 Π
387 2063 510 2112 primo
529 2065 653 2109 codd.‚·
680 2063 830 2110 ‘primo’
858 2064 909 2099 ad
933 2062 1104 2099 Sallustii
1127 2063 1238 2098 verba
1260 2062 1368 2108 'vulyo
1392 2062 1560 2106 refertur,
1584 2072 1701 2096 vocem

0 2098 14 2172 f
66 2135 70 2140 ›
122 2114 238 2199 w
260 2124 568 2160 supervacaneam
593 2112 638 2148 L.
666 2112 808 2148 Muller
838 2112 986 2147 omniuo
1016 2111 1181 2154 sustulit,
1211 2110 1340 2145 melius
1363 2109 1496 2155 Ju'srqes
1526 2109 1594 2153 „de
1620 2108 1700 2144 Sal-

211 2162 234 2198 'i
254 2161 494 2198 historicum
516 2161 707 2206 reliquiis‘
733 2172 772 2206 p.
794 2161 818 2195 7
841 2160 986 2195 variam
1010 2159 1153 2194 iudicat
1177 2169 1256 2194 eam
1281 2168 1352 2192 esse
1384 2157 1567 2192 lectionem
1598 2157 1701 2192 illius

129 2209 245 2246 ‘libro
257 2208 451 2254 secundo’‚
469 2209 574 2245 mtra
584 2219 709 2244 versus
720 2212 831 2243 a‘ntea
843 2207 1127 2253 superscriptam
1139 2217 1289 2251 mooeque
1302 2206 1344 2240 iu
1356 2205 1477 2250 ipsum
1495 2209 1702 2240 contemtum

127 2257 339 2306 thomam.
389 2256 573 2303 Equidem
595 2267 660 2303 eyo
678 2260 831 2302 propter
849 2267 923 2291 rem
941 2255 1046 2299 iufra
1065 2265 1187 2290 comm.
1208 2254 1420 2299 explicitam
1437 2253 1559 2298 ipsum
1577 2264 1700 2287 uume-

127 2316 214 2343 rwm
239 2303 390 2352 ‘primo'
418 2315 554 2349 oerum,
577 2305 734 2340 alterwm
757 2304 853 2339 illud
879 2301 960 2338 ‘lib.
979 2302 1028 2337 lI’
1054 2306 1266 2347 corruptum
1290 2301 1496 2346 falsumque
1514 2311 1585 2336 esse
1609 2311 1702 2335 reor.

127 2352 324 2439 fficidst]
354 2351 491 2388 indicit
521 2352 642 2396 codd„
676 2363 768 2388 corr.
802 2351 978 2395 Mercier,
1008 2349 1049 2385 in
1081 2349 1182 2385 diem
1212 2349 1339 2384 cibum
1369 2347 1569 2384 fortuitum
1608 2349 1699 2383 eoui.

131 2412 135 2419 ²
178 2401 187 2410 ⁰
219 2401 289 2438 sch.
315 2421 363 2428 —
387 2398 644 2447 lenunculum]
670 2398 871 2435 lenunculo
897 2399 1018 2443 codd.,
1049 2399 1155 2445 vulyo
1180 2398 1221 2432 iu
1246 2397 1344 2441 edel,
1374 2408 1465 2432 corr.
1497 2396 1701 2442 Quicherat,

107 2455 109 2458 ⁴
129 2449 228 2496 quod
248 2449 379 2486 collato
404 2448 524 2485 Amm.
551 2447 658 2484 XVI
676 2451 736 2492 10,
755 2449 779 2483 3
803 2448 884 2483 iure
911 2447 1157 2492 comprobavit
1179 2445 1329 2492 Ju'ryeffi
1355 2444 1395 2479 in
1420 2443 1619 2479 lenunculo
1644 2442 1701 2488 pi-

129 2496 271 2534 scantia
295 2497 398 2544 (acc.)
423 2496 470 2532 L.
497 2495 647 2532 Muller.
674 2517 721 2521 —
745 2494 943 2542 piscantis]
969 2493 1162 2540 piscandis
1187 2494 1288 2530 codd.

249 2561 416 2603 Comm.
466 2560 666 2613 Vagantis
697 2560 870 2599 alicuius
895 2561 1018 2610 atque
1045 2558 1202 2609 expulsi
1226 2558 1469 2597 mentionem
1495 2557 1568 2596 hoc
1594 2556 1699 2607 frag-

129 2623 264 2664 mento
293 2621 381 2662 fieri
412 2622 591 2673 apparet.
654 2619 733 2667 Qui
763 2632 856 2659 cum
886 2631 983 2659 casu
1020 2619 1072 2658 ad
1102 2619 1364 2657 lenunculum
1394 2616 1604 2667 piscatoris
1635 2629 1700 2654 ve-

55 2681 59 2686 *
129 2682 235 2723 nisae
271 2683 460 2723 narretur
496 2676 669 2736 (scilicet
707 2693 786 2731 quo
818 2679 861 2719 in
890 2679 990 2732 fuga
1021 2692 1114 2718 mox
1150 2691 1319 2717 usurum
1357 2690 1449 2716 eum
1486 2688 1570 2715 esse
1602 2665 1699 2714 §ub-

129 2742 376 2799 audiendmn
405 2736 504 2796 est),
542 2740 634 2792 quis
669 2742 731 2779 est
761 2739 861 2791 quin
892 2739 1031 2779 'statim
1062 2739 1110 2777 de
1141 2738 1259 2776 Marii
1290 2736 1490 2776 erroribus
1522 2734 1701 2787 cogitet?

129 2800 292 2843 Etenim
326 2801 545 2842 Minturnis
586 2813 678 2840 cum
719 2799 950 2839 excessisset
990 2798 1225 2850 equitesque
1268 2797 1404 2835 Sullae
1446 2807 1529 2835 sese
1570 2807 1699 2846 perse-

130 2863 301 2917 quentes
329 2861 689 2911 animadvertisset,
719 2860 894 2910 primum
925 2860 967 2898 in
993 2871 1086 2899 casa
1111 2858 1249 2907 aliqua
1274 2858 1431 2896 noctem
1457 2855 1578 2907 degit,
1609 2855 1699 2894 dein

128 2920 176 2972 ὃς
212 2921 399 2974 σκάφος
435 2918 603 2968 ἁλιέως
639 2919 908 2974 πρεσβύτου
952 2923 1186 2972 παρορμοῦν
1223 2915 1462 2969 βιασάμενος
1497 2913 1567 2955 τὸν
1607 2928 1699 2968 πρε-
