1976 3190
0 2119 14 2272 3

776 133 1004 179 Fragmenta
1026 137 1175 168 19—26.
1679 132 1764 174 119

191 247 344 292 propter
367 255 451 280 rem.
471 245 484 289 [1
501 242 600 278 vires
627 242 801 290 aderant]
826 251 885 276 res
910 239 1106 286 incognita
1131 241 1212 276 erat
1237 253 1282 276 ex
1307 241 1433 277 Ursini
1456 242 1665 278 coniectwra
1685 252 1764 287 pes-

190 293 279 329 sime
309 291 430 328 Kritz.
464 313 507 318 —
540 289 666 325 cuncti
697 289 819 336 ruere]
851 299 957 323 ruere
986 289 1122 323 cuncta
1148 288 1200 331 L,
1230 299 1358 324 reuere
1390 287 1516 324 cuncti
1543 289 1598 325 M.
1633 310 1677 315 —
1709 288 1766 325 in—

189 338 334 376 conditi
376 338 572 374 incondita
595 338 653 383 M,
682 338 797 373 Thilo.
825 357 869 363 —-
896 335 1066 382 tendere]
1092 337 1258 371 temnere
1280 336 1323 379 P,
1349 338 1541 382 tempnere
1567 337 1654 372 LH
1658 337 1765 381 MR,

189 399 281 424 corr.
339 388 471 431 erlach,
489 388 618 422 tenere
637 387 729 422 coni.
750 384 900 429 Hemse,
918 384 1086 419 temnere
1110 383 1229 427 Thilo,
1248 383 1442 419 incondito
1463 383 1598 420 itinere
1619 385 1763 431 Mahby.

309 462 476 503 Comm.
538 463 695 515 Fugam
734 463 809 502 hoc
849 461 1076 512 fragmento
1117 459 1363 499 iHustratam
1405 461 1601 511 quadrare
1643 474 1765 512 quam

189 522 486 564 accuratissime
514 523 564 562 ad
589 522 743 561 cladem
761 519 952 560 Romanis
973 518 1221 559 Chalcedone
1241 520 1411 572 illatam,
1437 534 1528 560 cum
1554 521 1637 560 acie
1658 521 1764 572 pulsi

188 583 391 624 celerrime
404 617 419 626 f
429 583 601 633 laxoque
639 581 775 622 ordine
812 580 921 620 intra
957 592 1094 619 muros
1132 580 1411 632 confugerent,
1450 582 1567 620 acute
1598 581 1764 620 Dietsch

107 666 110 667 ν
187 643 306 695 vidit,
338 643 387 682 cf.
413 642 516 693 App.
543 641 677 680 Mithr.
704 654 734 680 c.
766 643 838 680 71:
869 637 1046 692 ἔφυγεν
1083 637 1160 679 ἐπὶ
1197 638 1276 686 τὰς
1313 639 1465 687 πύλας
1506 646 1575 691 τῆς
1607 642 1763 692 Χαλκη-

187 701 306 750 δόνος
343 700 409 741 διὰ
440 701 635 754 θριγκίων
666 703 820 740 πολλῶν
850 698 975 739 πάνυ
1007 698 1266 752 δυσχερῶς,
1307 697 1416 751 ἀμφὶ
1450 697 1491 738 δὲ
1529 698 1597 747 τὰς
1635 700 1764 748 πύλας

187 758 403 814 &muchs
433 755 492 814 ἦν
522 759 837 812 ἐσπηδῶντων
869 756 1000 812 ὁμοῦ.
1057 757 1155 798 ὅθεν
1187 756 1307 798 οὐδὲν
1338 762 1419 806 τοῖς
1451 758 1666 800 διώκουσιν
1696 758 1764 799 αὐ-

186 820 279 870 τοὺς
309 819 423 874 βέλος
454 818 597 873 ἠτύχει.

305 923 384 969 24.
433 923 723 966 Dedecores
754 922 1019 979 inultique
1050 925 1198 980 terga
1230 922 1290 965 ab
1320 922 1564 965 hostibus
1591 905 1762 965 caede-

185 996 389 1039 bantur.

187 1064 203 1067 ”
244 1063 525 1136 “”Assps‘km
546 1093 591 1125 74
603 1089 648 1133 D,
671 1093 713 1124 91
730 1088 773 1134 K,
795 1092 837 1124 81
855 1087 898 1133 c,
918 1087 952 1123 11
970 1100 1005 1134 p.
1028 1091 1074 1123 so
1087 1087 1162 1133 ΒΥ.)
1184 1109 1228 1114 -
1247 1087 1428 1124 Priscian.
1450 1087 1500 1123 vi
1519 1089 1567 1134 (Π
1586 1101 1621 1135 p.
1643 1092 1736 1135 236).
1760 1090 1762 1127 ρ

183 1137 402 1184 dedecores]
429 1138 582 1174 decores
608 1137 703 1172 RK.
731 1158 775 1162 —
802 1135 1006 1183 inultique]
1032 1135 1219 1181 multique
1245 1136 1329 1172 RD
1338 1136 1381 1171 K
1386 1136 1436 1172 H.

301 1214 470 1254 Comm.
540 1213 700 1265 Optime
741 1213 839 1252 haec
880 1226 1098 1265 congruere
1139 1226 1231 1252 cum
1271 1213 1544 1253 Romanorum
1585 1214 1761 1254 militum

182 1274 412 1315 condicione
437 1275 490 1313 ad
516 1274 768 1314 Chalcedona
793 1273 1042 1312 devictorum
1067 1286 1172 1313 unus
1197 1273 1280 1312 iam
1305 1273 1544 1314 Debrossius
1569 1276 1675 1314 recte
1701 1275 1759 1313 in-

181 1333 348 1386 tellexit,
380 1334 428 1374 cf.
454 1334 558 1385 App.
586 1347 618 1373 c.
649 1335 714 1373 71.

301 1435 378 1483 25.
440 1436 581 1488 Quod
620 1437 709 1480 ubi
750 1437 950 1479 frustra
993 1438 1307 1492 temptatum
1352 1439 1448 1492 est,
1492 1437 1760 1480 socordius

179 1509 254 1552 ire
290 1508 440 1552 miles
478 1508 733 1566 occipere,
771 1523 872 1551 non
903 1507 1043 1564 aptis
1074 1508 1246 1564 armis,
1289 1511 1344 1551 ut
1381 1509 1433 1551 in
1473 1508 1759 1566 principio,

179 1581 380 1626 laxiore
411 1580 625 1638 agmine.

300 1687 408 1734 App.
459 1686 525 1731 (ΠΙ
545 1689 587 1722 71
602 1686 653 1732 D,
685 1689 730 1721 86
744 1685 794 1731 K,
827 1688 873 1720 94
888 1684 936 1731 G,
968 1685 1003 1720 Π
1026 1697 1062 1731 p.
1083 1688 1153 1721 308
1167 1685 1242 1732 Br.)
1269 1707 1314 1713 -
1339 1685 1484 1722 Nonius
1507 1686 1559 1722 IV
1583 1699 1618 1733 p.
1641 1690 1720 1723 235.
1747 1687 1758 1718 ⁴:

178 1734 388 1783 socordius]
414 1733 606 1771 socordius
631 1735 733 1770 codd.
767 1755 811 1760 —
845 1732 1031 1781 occipere]
1058 1733 1240 1780 obcepere
1267 1734 1394 1771 LHG
1404 1735 1507 1779 Gen„
1536 1746 1627 1772 corr.
1655 1736 1756 1772 Mer-

177 1784 262 1829 m'er,
286 1782 428 1819 milites
454 1792 656 1828 occoepere
681 1783 775 1819 coni.
801 1782 942 1818 anius
969 1782 1040 1826 (ita
1061 1782 1200 1827 Kritz),
1224 1781 1367 1819 milites
1394 1793 1571 1829 occepere
1595 1783 1756 1820 Dietsch.

178 1853 223 1860 -
249 1833 288 1869 et
312 1835 398 1868 ‹mte
422 1829 566 1867 laxiore
588 1830 722 1881 ,merit
745 1830 864 1866 anio
889 1834 1037 1866 auctore
1062 1830 1107 1866 L.
1129 1830 1281 1867 Micller.

297 1908 464 1949 Comm.
510 1907 710 1954 Quoniam
735 1907 871 1946 soluta
897 1919 1000 1957 quae
1027 1906 1069 1945 in
1095 1907 1254 1959 agmine
1281 1907 1485 1947 observari
1514 1908 1617 1947 solet
1642 1908 1756 1948 disci-

175 1969 288 2021 plina
323 1967 474 2008 milites
509 1964 691 2007 inceder’e
729 1966 1020 2019 describuntur,
1052 1967 1215 2019 egregia
1252 1969 1313 2007 est
1343 1967 1488 2006 Kritzii
1525 1968 1757 2008 coniectura

177 2028 411 2082 seditiosum
447 2027 554 2067 hunc
592 2039 676 2067 esse
718 2026 936 2066 exercitum
977 2026 1144 2077 opinati.
1215 2027 1351 2078 Atque
1389 2027 1440 2079 is,
1486 2028 1557 2078 qui
1601 2028 1757 2079 ahquid

177 2091 380 2138 temptasse
422 2086 588 2139 dicitur,
629 2086 757 2126 hostis
798 2099 882 2126 esse
920 2086 1079 2139 nequit,
1123 2087 1272 2138 quippe
1317 2100 1397 2138 quo
1441 2087 1668 2138 propinquo
1706 2101 1755 2127 ne
1788 2104 1791 2108 ·

176 2147 358 2188 seditiosi
388 2146 551 2198 quidem
581 2146 730 2186 milites
755 2146 938 2186 socordes
963 2158 1047 2186 esse
1079 2147 1245 2187 soleant.
1296 2147 1401 2194 Quid
1427 2147 1555 2199 igitur
1582 2149 1754 2199 tempta-

174 2209 271 2248 runt
301 2206 479 2247 milites?
515 2206 668 2258 Nempe
700 2206 993 2258 imperatorem,
1026 2219 1141 2246 suam
1171 2209 1219 2246 ut
1250 2209 1486 2258 sequeretur
1513 2207 1754 2247 sententiam

174 2268 518 2318 voluntatemque,
544 2279 774 2317 permovere
801 2266 1063 2318 studuerunt3
1095 2279 1188 2306 cum
1212 2280 1306 2307 vero
1333 2267 1466 2306 minus
1491 2267 1626 2319 vellet,
1652 2268 1753 2307 sedi-

175 2328 284 2368 tione
315 2327 476 2378 incepta
513 2325 629 2377 sequi
659 2326 943 2376 imperatorem
981 2326 1195 2365 desierunt.
1260 2327 1337 2366 Sed
1373 2327 1477 2367 hanc
1508 2327 1639 2378 ipsam
1670 2341 1754 2367 rem

173 2387 403 2439 militesque
433 2386 507 2426 hos
532 2386 742 2426 seditiosos
774 2386 923 2436 optime
956 2386 1166 2426 convenire
1196 2388 1297 2438 puto
1324 2400 1416 2426 cum
1440 2386 1604 2427 Luculli
1634 2387 1753 2426 rebus

172 2447 216 2487 in
247 2446 426 2500 Phrygia
457 2448 547 2485 tum
578 2445 702 2498 gestis
734 2447 856 2496 atque
888 2458 980 2485 cum
1010 2445 1209 2486 militibus
1239 2446 1479 2486 Valerianis.

293 2548 373 2596 26.
434 2549 510 2593 Ad
542 2549 783 2606 Cyzicum
814 2549 1048 2605 perrexit
1079 2549 1323 2593 firmatus
1355 2550 1523 2593 animi.

293 2656 400 2703 App.
445 2655 511 2702 (m
531 2659 575 2691 17
586 2655 631 2701 D,
653 2659 697 2690 15
708 2655 753 2700 K,
774 2658 819 2700 5'3
831 2654 889 2702 G.)
909 2676 954 2682 -—
973 2655 1081 2692 Arus.
1101 2667 1136 2702 p.
1157 2659 1238 2692 475.
1259 2658 1271 2702 [Ι
1290 2656 1475 2704 firmatus]
1495 2656 1750 2702 firmatumN,

173 2715 264 2743 corr.
287 2705 429 2742 Maius.
1348 2738 1359 2746 .

293 2780 460 2821 Comm.
523 2781 739 2831 Perperam
766 2779 983 2820 Lucullum
1014 2781 1307 2821 subaudierunt
1338 2781 1509 2820 editores
1541 2794 1678 2833 omnes
1709 2785 1750 2822 et

172 2853 279 2881 nunc
309 2841 475 2892 Jurges,
513 2840 560 2879 cf.
592 2840 737 2879 Memn.
764 2841 840 2880 40:
875 2838 1117 2894 τρεπομένου
1155 2836 1192 2881 δ’
1233 2839 1295 2881 ἐπὶ
1335 2840 1510 2888 Κύζικον
1546 2840 1633 2880 σὺν
1670 2855 1747 2894 με·

171 2900 295 2958 γάλφ
320 2899 592 2954 φρονήματι
614 2899 943 2954 Μιθριδάτονς
967 2901 1108 2940 contra
1127 2901 1175 2940 de
1194 2900 1377 2953 Lucullo,
1397 2899 1467 2951 qui
1487 2901 1647 2941 omnino
1668 2915 1747 2941 non

958 2996 978 3005 x
