1976 3190
8 864 35 927 aa!¹
21 796 42 850 μς
17 758 36 786 ;;.,,

3 2252 6 2260 «
0 2129 11 2163 r·
0 2100 12 2119 m
0 1638 25 2087 ›m—=.-,2÷„-⁴.1.1„ffl=¹:m
3 1560 22 1623 ww.-
8 1452 21 1538 ·.--
18 1389 23 1397 .
11 1345 39 1370 s·
18 1317 22 1328 -
14 1235 23 1251 ψ

476 144 744 191 Fragmentum
771 147 849 179 103.
877 164 921 170 —
947 144 1149 180 Enarratio
1175 148 1375 180 104—126.
1658 143 1718 186 45

1739 225 1836 280 112,
1860 225 1956 279 113,

142 251 292 309 ibique
323 251 485 294 diutius
516 267 613 295 cum
639 252 828 296 Sertorio
862 252 1067 295 bellasset
1099 252 1174 310 (fr.
1206 252 1472 311 112—115),
1498 268 1716 295 summam
1728 285 1838 338 .114‚
1862 284 1945 326 115

141 322 261 390 venit
279 322 326 365 in
344 322 549 379 inopiam.
600 323 692 375 Qua
717 323 816 366 data
842 323 1064 366 occasione
1090 324 1140 366 de
1162 324 1386 380 utriusque
1413 324 1533 367 ducis
1551 327 1719 382 natura,

142 393 331 453 ingenio,
356 398 448 438 arte
468 395 625 439 bellica
644 395 868 441 disseritur
893 394 1043 453 (Plut.
1065 394 1189 438 Sert.
1211 411 1243 438 c.
1267 398 1322 438 12
1348 396 1447 439 inde
1473 397 1527 439 ab
1555 397 1609 439 οὐ
1634 397 1718 453 γὰρ

142 462 260 524 εἶχεν
302 467 326 511 ὁ
364 466 593 520 Μέτελλος
628 471 718 511 κτλ.
763 482 899 524 usque
943 467 997 509 ad
1041 482 1074 509 c.
1111 469 1164 510 13
1209 468 1429 524 μάχεσθαι
1471 469 1719 525 στρατηγὸν

109 545 369 598 (στρατηγῷ
399 537 474 582 καὶ
494 537 708 596 Ῥωμαῖον
733 537 943 598 Ῥωμαίῳ,
974 538 1285 595 ἀναδυόμενον
1317 537 1366 582 δὲ
1393 541 1633 595 χλευάζειν,
1666 539 1719 581 ad

140 609 224 652 hoc
253 610 309 652 fr.
339 609 604 668 116—118).
665 610 730 653 Ac
760 610 962 653 Metellus
995 625 1092 652 cum
1124 611 1169 652 in
1202 614 1444 653 extremum
1469 611 1718 653 Lusitaniae
1742 612 1838 668 116,
1866 612 1969 666 17,1

140 678 350 738 angulum
375 681 620 724 deflecteret
645 680 722 740 (fr.
752 680 874 738 119),
906 681 1052 724 subito
1085 681 1139 723 ad
1166 681 1463 738 Langobriten
1496 682 1719 738 oppidum,
1743 684 1825 726 119

140 753 192 794 ut
223 751 352 795 celeri
382 752 552 810 impetu
583 753 861 810 opprimeret,
893 754 1115 809 profectus
1140 753 1233 809 ipse
1261 752 1435 809 quidem
1467 754 1522 796 ab
1556 754 1719 809 oppido

143 823 343 880 repulsus
375 826 506 880 atque
536 823 736 880 Aquinus
766 825 938 882 legatus
970 825 1062 867 eius
1100 824 1268 867 insidiis
1300 840 1325 866 a
1350 824 1609 868 Sertorianis
1641 825 1717 868 cir-

144 897 398 938 cumventus
416 895 642 952 victusque
663 898 728 939 est
748 895 900 954 (Plut.
921 911 954 939 c.
979 899 1031 940 13
1058 897 1157 939 inde
1177 897 1232 939 ab
1260 897 1379 954 ὁρῶν
1401 895 1450 940 δὲ
1475 899 1580 948 τοὺς
1600 900 1720 952 Λαγ-

141 969 350 1023 γοβρίτας
374 971 480 1022 κτλ.,
511 967 649 1010 acced.
682 969 738 1010 fr.
767 969 852 1011 12O
884 971 932 1010 et
969 967 1083 1026 121).
1136 968 1304 1019 Quibus
1328 968 1505 1011 Metelli.
1522 969 1717 1011 cladibus
1741 970 1837 1027 120,
1862 970 1942 1013 121

141 1040 365 1095 permotus
389 1053 504 1082 anno
523 1040 578 1083 78
606 1054 704 1082 cum
722 1039 768 1082 L.
789 1039 977 1081 Manlius
999 1038 1162 1082 Galliae
1188 1039 1435 1096 provinciae
1461 1041 1718 1096 proconsule

143 1122 272 1166 opem
291 1109 331 1152 ei
349 1110 462 1153 ferre
480 1110 626 1167 vellet,
643 1110 808 1154 Ilerdae
835 1111 889 1153 ab
910 1110 1129 1153 Hirtuleio
1157 1114 1386 1167 superatus
1412 1116 1478 1155 est
1499 1111 1574 1171 (fr.
1600 1112 1721 1171 122);
1747 1114 1828 1156 122

137 1180 287 1238 itaque
318 1181 478 1224 abhinc
501 1181 704 1225 Metellus
729 1182 775 1224 in
799 1181 976 1225 Baetica
1001 1197 1045 1225 se
1072 1182 1225 1238 tenuit,
1256 1183 1523 1239 provinciam
1550 1188 1720 1227 tantum

139 1252 394 1297 defensurus
433 1253 510 1312 (fr.
542 1252 656 1311 123).
725 1253 808 1297 Sed
845 1253 1062 1297 Sertorius
1103 1254 1219 1297 omni
1259 1255 1348 1297 fere
1389 1256 1587 1299 citeriore
1625 1272 1720 1312 pro·
1745 1257 1828 1300 123

139 1324 281 1368 vincia
320 1325 501 1368 subacta
541 1351 597 1356 —
640 1325 771 1368 etiam
804 1324 1127 1382 Characitanos,
1168 1327 1303 1369 feram
1345 1328 1559 1383 quandam
1593 1327 1718 1371 Celti-

141 1396 344 1441 berorum
369 1400 556 1455 gentem,
588 1401 682 1440 tum
707 1398 893 1440 subiecit
919 1396 1070 1455 (Plut.
1099 1413 1131 1440 c.
1162 1397 1235 1456 17)
1263 1425 1318 1429 —
1346 1414 1484 1455 usque
1517 1400 1570 1441 ad
1601 1415 1716 1443 mare

139 1471 271 1526 atque
309 1468 516 1512 Dianium
559 1469 909 1526 promonturium
952 1485 1209 1527 progressus
1254 1473 1337 1528 est,
1383 1467 1417 1529 ᾦ
1462 1471 1717 1528 ἐχρήσατο

140 1541 442 1599 Σερτώριος
472 1541 770 1601 ὁρμητηρίῳ
802 1543 931 1584 κατὰ
964 1541 1237 1585 θάλατταν
1262 1541 1339 1600 (fr.
1372 1541 1492 1601 124)·
1527 1543 1720 1600 ἐρυμνὸν
1745 1543 1827 1586 124

139 1612 224 1670 γάρ
257 1611 349 1656 ἐστι
378 1611 453 1656 καὶ
483 1615 736 1670 λῃστρικόν,
767 1613 987 1656 κάτοπτον
1019 1611 1068 1656 δὲ
1101 1613 1148 1656 ἐκ
1179 1617 1350 1657 πολλοῦ
1381 1623 1475 1665 τοῖς
1502 1613 1721 1671 προσπλέ-

141 1695 266 1740 ουσι,
289 1678 486 1728 καλεῖται
519 1682 569 1727 δὲ
599 1685 794 1728 Διάνιον
825 1684 1081 1743 (Strabon.
1114 1685 1234 1727 hist.
1266 1686 1322 1727 fr.
1351 1684 1440 1742 74),
1472 1688 1515 1728 et
1546 1686 1719 1743 legibus

140 1755 650 1812 quoquessinstitutisque
688 1758 841 1813 gentes
872 1755 1092 1812 Hispanas
1131 1756 1384 1812 complexus
1417 1755 1535 1814 est*)
1567 1757 1719 1815 (Plut.

108 1840 174 1894 ῚΙ,0.
202 1825 289 1885 14).
339 1825 507 1878 Quibus
538 1827 589 1870 de
622 1828 761 1871 causis
793 1830 915 1871 tanta
946 1828 992 1870 in
1021 1843 1119 1871 eum
1144 1829 1227 1871 fide
1254 1844 1484 1885 amoreque
1511 1832 1645 1886 erant,
1671 1832 1720 1871 ut

138 1913 324 1956 magnus
347 1897 645 1956 Hispanorum
675 1915 879 1943 numerus
912 1900 1119 1943 comitum
1150 1901 1278 1944 modo
1310 1916 1408 1943 eum
1434 1901 1718 1944 circumdaret

139 1970 343 2028 omnique
369 1986 393 2014 e
418 1971 663 2015 discrimine
690 1987 767 2015 suo
795 1987 892 2015 cum
917 1972 1111 2028 periculo
1138 1973 1324 2015 eximere
1351 1973 1557 2029 studeret,
1587 1973 1717 2015 Plut.

141 2056 176 2086 c.
205 2043 278 2086 14:
316 2045 478 2095 ἔθους
507 2042 549 2086 δ’
585 2045 738 2096 ὄντος
765 2042 1026 2102 Ἰβηρικοῦ
1058 2047 1182 2096 τοὺς
1211 2043 1330 2101 περὶ
1361 2046 1453 2088 τὸν
1491 2046 1719 2101 ἄρχοντα

139 2113 500 2172 τεταγμένους
549 2105 1017 2171 συναποθνήσκειν
1067 2116 1203 2175 αὐτῷ
1247 2118 1464 2160 πεσόντι
1509 2115 1585 2174 (fr.
1616 2115 1720 2173 125)
1746 2118 1827 2159 125

140 2183 215 2229 καὶ
254 2193 387 2230 τοῦτο
424 2193 516 2230 τῶν
554 2186 646 2230 ἐκεῖ
680 2187 920 2245 βαρβάρων
958 2188 1246 2231 κατάσπεισιν
1283 2189 1592 2245 ὀνομαζόντων
1629 2192 1719 2231 κτλ.

147 2290 157 2300 .
177 2290 188 2301 .
207 2290 218 2301 .
238 2291 247 2301 .
279 2257 453 2314 λέγεται
493 2255 543 2302 δὲ
583 2260 695 2316 πρός
735 2275 825 2302 τινι
866 2261 992 2303 πόλει
1032 2266 1199 2316 τροπῆς
1238 2259 1481 2316 γενομένης
1518 2258 1592 2303 καὶ
1629 2268 1720 2303 τῶν

139 2332 365 2386 πολεμίων
410 2329 700 2387 ἐπικειμένων
743 2333 848 2382 τοὺς
878 2330 1059 2388 Ἴβηρας
1102 2331 1406 2388 ἀμελήσαντας
1449 2333 1598 2376 αὑτῶν
1640 2334 1719 2375 τὸν

140 2401 399 2465 Σερτώριον
437 2403 596 2455 σώζειν
638 2400 724 2445 καὶ
767 2410 879 2454 τοῖς
923 2403 1083 2458 ὤμοις
1127 2402 1487 2460 ἐπαραμένους
1527 2405 1720 2454 ἄλλους

139 2473 239 2529 πρὸ
270 2473 442 2518 ἄλλων
474 2473 834 2530 ἀνακουφίσαι
866 2475 996 2531 πρὸς
1026 2475 1084 2517 τὰ
1116 2477 1259 2531 τείχη
1292 2474 1362 2533 (fr.
1395 2474 1509 2533 126),
1541 2477 1719 2531 γενομέ-
1744 2476 1827 2518 126

140 2560 226 2588 νου
258 2543 302 2588 δ’
336 2544 384 2589 ἐν
415 2545 608 2602 ἀσφαλεῖ
636 2551 717 2588 τοῦ
748 2546 962 2603 ἄρχοντος
1000 2545 1116 2589 οὕτω
1148 2545 1389 2604 τρέπεσθαι
1421 2548 1532 2605 πρὸς
1567 2547 1718 2603 φυγὴν

141 2614 339 2661 ἕκαστον
358 2617 518 2661 αὐτῶν.

260 2770 292 2818 *)
316 2751 592 2807 Hue'incidunt
610 2770 776 2807 fabellae
800 2770 896 2807 duae
923 2771 969 2806 de
990 2770 1155 2807 Sertorio
1174 2771 1352 2817 traditae,
1379 2783 1473 2816 quas
1494 2783 1513 2807 e
1535 2771 1715 2808 Sallustio

140 2817 588 2904 ξὲἒείἓίιξϋξῖὲξῗνοῖνωη
617 2831 646 2855 e.
667 2822 733 2864 16,
766 2818 937 2907 FLrtmtin.
964 2820 993 2854 Ι
1012 2823 1071 2865 10,
1091 2822 1204 2865 1-2,
1243 2821 1360 2856 Valer.
1392 2820 1500 2857 Maoe.
1536 2820 1618 2856 VII
1637 2823 1672 2865 3,
1693 2824 1717 2856 6
1799 2832 1803 2835 ·
