1976 3190
522 153 722 191 Enarratio
748 154 899 189 79-87,
926 173 970 178 -
998 151 1227 197 Fragmenta
1248 153 1399 186 71—77.
1689 146 1745 189 91

167 267 287 326 ‘Kritz
330 268 518 319 huncque
562 269 722 308 secutus
758 265 923 305 Dietsch
961 264 1122 304 omnino
1166 277 1186 303 e
1225 262 1412 302 Sallustii
1449 261 1580 301 verbis
1622 273 1749 300 remo-

171 325 336 381 mt,
381 328 573 368 Senecam
614 328 748 368 locum
785 325 971 377 Iugurth.
1009 337 1041 364 c.
1075 325 1130 363 54
1175 324 1217 362 in
1261 323 1395 362 animo
1438 321 1626 361 habuisse
1669 320 1749 359 rati

169 381 244 443 (cf.
275 387 422 428 Kritzii
450 389 660 438 proleyom.
690 399 734 436 p.
760 379 846 439 39).
909 384 1059 424 Contra
1096 385 1201 422 recte
1236 382 1420 422 Wolfflin
1459 376 1587 435 (quod
1623 392 1752 430 nuper

172 447 365 500 repetivit
394 447 517 487 Klebs
547 459 646 487 mus.
671 446 794 486 Rhen.
821 445 874 483 43
898 457 942 493 p.
970 438 1072 498 331)
1105 443 1226 482 evicit
1257 442 1414 482 collatis
1447 443 1488 480 et
1513 441 1684 480 Senecae
1711 441 1751 478 et

175 504 350 548 diorum
385 506 484 548 locis
522 520 546 546 a
587 505 780 546 Sallustio
823 505 887 543 vir
923 516 1011 542 owm
1054 515 1150 542 cura
1194 503 1379 541 dicendus
1423 501 1618 551 scriptum
1655 511 1750 539 esse.

173 566 288 608 Idem
317 579 339 606 e
363 566 510 607 velleii
539 566 671 607 verbis
701 564 830 605 nostri
860 563 938 604 loci
970 562 1186 603 simillimis
1217 562 1258 600 II
1287 563 1358 600 18:
1391 557 1751 599 ‘Mithridates

175 628 239 668 vir
273 639 404 678 neque
441 626 618 666 silendus
652 637 775 674 neque
813 624 1001 663 dicendus
1040 624 1125 662 sine
1166 616 1278 660 enra'
1317 621 1516 672 sagaciter
1556 618 1754 659 conclusit

86 691 95 696 ‘
173 687 251 728 hoe
289 686 516 739 fragmento
553 685 830 725 Mithridatem
869 683 1023 723 dictum
1064 694 1158 722 esse.
1228 681 1339 728 Quae
1381 681 1413 720 si
1451 680 1536 718 iure
1575 679 1754 718 coniecta

175 758 260 787 esse
292 746 574 798 approbamus,
605 745 770 784 initium
799 743 938 783 fecisse
964 743 1027 782 his
1051 742 1183 782 verbis
1210 740 1451 780 Sallustium
1481 739 1674 790 longioris
1706 738 1753 776 de

173 805 408 847 Mithridate
440 806 617 858 eiusque'
638 818 782 858 genere
813 802 1079 843 enarrationis
1110 801 1196 842 veri
1227 800 1356 839 simile
1388 801 1459 839 est.

298 920 407 967 73⁸.
455 919 582 977 Amp
592 920 649 964 el.
677 935 710 964 c.
737 921 808 976 30,
827 920 855 964 5
882 918 965 962 ‘Ita
989 917 1148 962 Darius
1174 931 1358 974 regnum
1383 914 1587 970 obtinuit,
1619 929 1644 956 a
1670 929 1755 970 quo

177 993 409 1039 Artabazes
452 992 665 1051 originem
708 991 843 1048 ducit,
886 1005 1006 1047 quem
1049 991 1297 1034 conditorem
1332 988 1451 1043 reyni
1489 986 1759 1030 Mithridatis

173 1065 308 1123 fuisse
338 1065 564 1109 confirmat
595 1063 826 1108 Sallustius
858 1062 1065 1119 Crispus?

297 1183 404 1231 App.
454 1183 503 1229 (H
521 1182 626 1228 441),
652 1185 697 1217 53
712 1181 756 1228 K,
782 1181 834 1217 HI
853 1185 898 1217 32
914 1181 958 1226 G,
983 1181 1017 1216 H
1042 1192 1078 1226 p.
1099 1179 1210 1225 213r.)

300 1279 377 1326 74.
437 1279 556 1336 Ipse
587 1279 746 1323 animi
777 1281 937 1322 atrox.

297 1387 405 1434 App.
457 1386 505 1433 (H
524 1389 569 1422 92
583 1386 628 1431 D,
655 1389 700 1422 93
714 1385 758 1432 K,
785 1389 830 1421 38
845 1384 889 1430 G,
914 1385 949 1420 H
973 1397 1008 1431 p.
1031 1388 1101 1420 374
1114 1384 1189 1431 Br.)
1216 1405 1260 1410 —
1287 1384 1394 1419 Arus.
1421 1394 1456 1429 p.
1479 1384 1561 1417 455.

301 1464 470 1505 Comm.
534 1463 729 1503 Omnibus
761 1476 809 1502 ex
845 1462 959 1514 viris,
998 1462 1070 1513 qui
1106 1462 1208 1501 libro
1248 1460 1421 1500 secundo
1460 1457 1762 1498 commemorati

181 1526 294 1577 sunt,
330 1524 481 1576 optime
510 1524 609 1563 haec
640 1522 851 1563 convenire
889 1535 982 1562 cum
1011 1521 1259 1561 Mithridatis
1290 1519 1470 1572 ingenio,
1510 1518 1617 1569 quod
1654 1519 1761 1556 recte

179 1585 284 1626 vidit
313 1584 397 1624 iam
426 1583 676 1635 Debrossius,
708 1582 968 1622 confirmatur
999 1582 1177 1633 Appiani
1208 1581 1295 1620 loco
1326 1579 1506 1619 laudato.

302 1699 411 1746 75⁸¹.
479 1698 576 1744 Sed
618 1698 956 1742 Mithridates
1001 1699 1228 1741 extrema
1268 1695 1501 1752 pueritia
1546 1707 1763 1752 regnum

181 1773 452 1832 ingressus
483 1773 645 1815 matre
677 1785 768 1813 sua
798 1785 992 1813 veneno
1025 1770 1317 1813 interfecta.

299 1890 407 1938 App.
458 1888 507 1936 (Π
525 1892 571 1926 45
584 1889 630 1935 D,
656 1891 702 1925 54
715 1887 760 1935 K,
786 1887 838 1924 HI
858 1891 903 1923 33
919 1887 961 1934 G,
987 1887 1022 1923 H
1045 1900 1081 1934 p.
1104 1891 1124 1924 8
1139 1887 1214 1934 ΒΥ.)
1241 1909 1285 1914 -
1313 1887 1415 1923 Serv.
1443 1886 1494 1923 ad
1515 1885 1607 1922 Aen.
1628 1885 1662 1921 V
1684 1888 1762 1920 295.

304 1999 412 2045 76²².
485 1997 651 2043 Schol.
697 1997 911 2042 Gronov.
968 1997 1027 2040 ad
1077 1996 1173 2040 Cic.
1225 1997 1282 2039 de
1332 1996 1447 2052 imp.
1490 1995 1662 2051 Pomp.
1707 1995 1763 2038 22

183 2072 247 2132 (p.
271 2073 359 2118 439
374 2069 484 2130 Or.:)
522 2069 830 2129 ‘Incongruum
861 2069 1032 2112 videtur
1063 2069 1324 2126 exemplum,
1364 2068 1481 2124 quod
1512 2066 1765 2123 imperatori

183 2144 390 2189 feminam
425 2144 669 2200 comparat,
710 2142 786 2185 sed
823 2157 876 2185 ex
913 2141 1031 2185 omni
1069 2144 1194 2198 parte
1233 2141 1442 2197 quadrare
1482 2141 1766 2188 monstratur:

184 2217 376 2275 primum
401 2230 454 2258 ex
475 2214 586 2270 loco,
617 2213 733 2270 quod
756 2213 1032 2256 Mithridates
1057 2212 1264 2255 Ponticus
1291 2212 1387 2268 fuit,
1419 2227 1471 2254 ex
1498 2212 1626 2267 facto,
1652 2211 1767 2267 quod

185 2291 237 2332 ut
266 2288 343 2332 illa
374 2285 655 2344 parricidium
685 2285 800 2341 fecit,
833 2285 894 2328 sic
921 2287 963 2327 et
989 2284 1071 2327 iste
1097 2287 1272 2327 auctore
1298 2283 1504 2327 Sallustio
1530 2287 1569 2327 et
1587 2285 1766 2339 fratrem

185 2364 226 2406 et
251 2373 432 2404 sororem
463 2358 626 2415 occidit,
657 2357 711 2399 ad
741 2359 1008 2413 postremum
1040 2370 1297 2412 comparans
1329 2355 1539 2398 exitium?

305 2477 412 2525 App.
463 2475 512 2522 (H
530 2479 576 2512 46
590 2475 635 2521 D,
661 2478 706 2510 55
722 2474 766 2520 K,
796 2478 841 2510 33
856 2473 914 2520 G.)
947 2495 992 2501 —
1024 2473 1213 2511 Postrema
1243 2475 1371 2511 scholii
1400 2475 1510 2510 verba
1543 2474 1593 2509 ad
1623 2474 1766 2518 postre-

186 2538 290 2563 mum
313 2537 345 2562 e.
366 2537 401 2571 q.
422 2536 450 2560 s,
500 2535 577 2560 non
596 2534 667 2569 pro
691 2523 890 2570 fraymenti
909 2521 1133 2559 Sallustiani
1151 2527 1260 2568 parte
1285 2523 1464 2566 habenda,
1490 2523 1551 2558 sed
1570 2522 1643 2567 ipsi
1668 2522 1766 2557 scho-

186 2575 317 2612 liastae
345 2573 543 2610 tn‘buenda
573 2583 645 2608 esse
676 2571 849 2608 adversus
877 2572 1011 2607 mbram
1036 2571 1208 2617 priorum
1238 2571 1418 2607 editorum
1448 2571 1656 2616 opinionem
1687 2569 1767 2605 iwrc

186 2622 311 2661 docent
333 2621 467 2669 ,ωψσε
485 2632 526 2666 p,
546 2622 606 2656 37.

242 2707 245 2710 Δ
309 2717 418 2764 77*.
461 2716 795 2760 Mithridates
815 2730 1030 2772 corpore
1051 2715 1275 2773 ingenti,
1296 2714 1510 2770 perinde
1530 2716 1767 2757 armatus.

307 2837 415 2883 App.
465 2835 514 2882 (Π
537 2838 584 2871 47
597 2835 648 2880 D,
681 2838 727 2870 56
740 2834 791 2879 K,
823 2834 875 2870 HI
900 2838 946 2870 34
960 2833 1009 2880 G,
1041 2834 1076 2869 H
1099 2846 1134 2880 p.
1159 2838 1201 2868 12
1216 2833 1291 2878 ΒΥ.)
1325 2853 1368 2858 -
1402 2831 1558 2875 Quintil.
1592 2831 1679 2868 inst.
1714 2843 1766 2868 or.

186 2884 403 2971 mm·
424 2885 436 2931 ΙΙ
454 2883 626 2930 perinde]
651 2882 810 2929 proinde
835 2882 980 2919 AGM.
1002 2904 1046 2909 —-
1067 2882 1251 2928 armatus]
1278 2880 1467 2916 animatus
1493 2881 1585 2917 coni.
1613 2880 1767 2927 Lipsius
