1916 3178
776 159 1068 201 -37—

11 301 15 317 ι
217 273 237 306 ,ἰ
251 284 264 308 ,ε
283 263 542 309 ‘Frontinus
580 278 678 308 cum
708 262 915 307 Sallustio
925 263 960 322 ¹)
996 280 1232 323 congruere
1269 267 1456 323 videtur3
1493 268 1708 325 legionem

232 357 253 374 ,ι
298 335 479 417 periisse
516 350 615 383 cum
649 334 848 392 Appiano
888 336 928 378 b.
961 351 994 379 c.
1031 336 1052 379 I
1089 339 1173 380 109
1206 339 1417 382 convenit.
1482 339 1708 383 Postremo

82 398 361 460 {weram
385 407 624 452 occisorum
647 407 942 451 Romanorum
966 407 1151 451 alterum
1183 425 1205 451 e
1231 409 1366 466 Livio,
1391 426 1519 467 quem
1550 411 1708 467 laudat,

54 494 110 535 ,vjj
114 471 310 544 filit-¹)
341 504 397 510 —
428 478 477 526 ΙΙ
501 479 543 535 5,
554 480 631 523 ·32
662 477 735 537 (de
759 478 1002 535 Perpernae
1032 495 1109 535 per
1139 480 1394 537 Pompeium
1428 481 1580 540 clade),
1611 499 1708 526 cum

74 545 109 581 33³
86 546 351 608 «impu-et
391 563 490 595 cum
525 550 640 594 Plut.
676 549 826 606 Pomp.
864 552 923 593 20
960 554 1004 594 et
1040 550 1151 608 App.
1188 551 1209 594 I
1243 553 1344 608 115,
1382 553 1576 597 Sallustii
1615 570 1707 598 esse

61 611 108 675 ²31
119 621 314 667 nactur.
352 647 408 652 —
445 620 494 665 II
525 623 571 677 7,
602 621 630 665 5
668 621 720 663 de
751 637 899 679 pugna
930 621 1188 666 Sucronensi
1220 624 1330 681 agit3
1368 624 1498 667 simul
1536 641 1588 668 ex
1624 627 1708 670 hoc

7 702 9 705 ’
66 706 90 731 2
113 692 331 750 -mmplo
363 693 504 737 elucet
527 691 786 750 Segoviense
810 693 1023 749 proelium
1048 698 1319 751 mortemque
1344 695 1535 738 Hirtulei
1560 698 1707 752 paucis

15 822 18 824 .
126 763 286 811 diebus
309 767 411 808 ante
429 763 695 809 Sucronense
722 764 938 807 accidisse.
965 791 1021 796 —
1047 764 1095 809 II
1116 768 1189 821 12,
1208 768 1236 809 2
1261 766 1333 824 (de
1354 766 1524 810 Chauca
1549 768 1706 824 oppido

0 869 1 895 ζ
25 833 28 836 ’
62 836 96 895 *js
120 845 178 896 gt.-
186 835 396 893 Pompeio
427 833 657 893 occupato)
688 836 742 878 ad
772 851 933 879 annum
965 837 1054 879 fere
1082 838 1138 880 74
1163 837 1435 881 referendum
1461 853 1553 881 esse
1579 854 1707 895 supra

0 901 1 907 ¹
123 907 360 966 &putavi
394 932 450 940 -
477 906 530 952 ἸΙ
557 909 638 964 13,
663 909 690 951 3
728 906 801 966 (de
838 908 943 967 fuga
974 907 1155 951 Sertorii
1185 912 1290 965 postv
1322 925 1513 967 pugnam
1544 909 1706 968 Sagun-

50 977 70 1042 J.
114 978 269 1027 ζώω
309 979 429 1022 vafre
471 977 642 1036 parata)
679 970 930 1037 Sallustioff)
973 979 1118 1023 deberi
1156 980 1322 1025 auctori
1364 984 1490 1037 puto,
1535 982 1585 1024 cf.
1631 983 1706 1025 ‘ne

100 1079 102 1081 >
117 1050 281 1112 §agam
321 1050 496 1108 quidem
539 1050 623 1094 sibi
660 1053 801 1093 tutam
844 1051 1080 1094 arbitratus
1123 1051 1242 1094 abire
1286 1052 1502 1108 dispersos
1545 1053 1706 1096 milites

108 1121 280 1170 jussi?
317 1137 416 1166 eum
444 1121 559 1166 Plut.
591 1121 699 1167 Sert.
731 1123 807 1165 21:
845 1122 1030 1174 ἐκείνοις
1065 1139 1112 1166 τε
1149 1124 1295 1180 φυγὰς
1324 1123 1469 1175 ἀδεεῖς
1504 1127 1706 1182 μηχανώ-

123 1203 263 1253 μενος
291 1198 383 1239 κτλ.

40 1316 48 1329 ⁴
159 1262 163 1298 Ῑ
247 1262 318 1309 Ad
366 1280 436 1309 res
477 1265 605 1309 nobis
647 1266 791 1309 minus
833 1269 960 1309 notas
1003 1266 1222 1322 pertinent
1264 1266 1464 1309 Frontini
1509 1269 1706 1325 exempla

50 1369 63 1382 ,-
127 1337 277 1382 haene:
313 1336 335 1381 Ι
365 1337 413 1394 5,
439 1339 485 1394 l,
515 1352 601 1394 quo
632 1336 849 1381 Sertorius
886 1352 1030 1380 coram
1061 1338 1260 1381 hostibus
1291 1339 1453 1381 flumen
1484 1340 1706 1384 transiisse

42 1399 49 1406 ”
122 1408 316 1454 'refertur
340 1411 385 1452 et
403 1408 519 1466 quod
537 1409 721 1452 fortasse
741 1409 795 1451 ad
813 1424 881 1452 res
899 1412 1000 1465 post
1018 1424 1209 1482 pugnam
1229 1408 1540 1454 Sucronensem
1560 1415 1706 1469 gestas

31 1482 41 1533 ’χ
129 1479 282 1524 referri
307 1482 468 1536 potest.
500 1505 556 1511 —-
588 1479 610 1523 I
633 1481 674 1537 5,
699 1481 739 1536 8,
770 1495 855 1536 quo
886 1462 1131 1522 Hirtuleius
1161 1495 1238 1536 per
1254 1482 1487 1560 angustias
1518 1483 1705 1528 reditum

35 1608 38 1612 ι
121 1552 214 1596 ,sibi
241 1554 392 1597 tutum
426 1551 566 1596 facere
603 1551 778 1607 dicitur,
810 1551 925 1608 quod
961 1566 1050 1595 non
1087 1552 1178 1594 sine
1215 1552 1305 1595 veri
1343 1553 1483 1609 specie
1521 1555 1705 1610 quadam

120 1623 184 1669 ud
211 1623 364 1682 fugam
391 1622 584 1669 Hirtulei
622 1623 668 1666 in
697 1623 967 1666 Lusitaniam
998 1638 1024 1665 a
1053 1623 1230 1667 Metello
1261 1623 1436 1668 Italicae
1467 1626 1582 1681 pulsi
1612 1643 1704 1683 per-

127 1695 267 1740 tinere
301 1695 446 1752 putari
482 1697 638 1752 potest.
671 1720 727 1727 -—
759 1694 807 1738 II
835 1697 879 1751 1,
911 1696 957 1750 3,
1000 1695 1116 1751 quod
1153 1710 1176 1737 e
1207 1696 1351 1738 verbis
1389 1696 1569 1740 ‘iunctis
1606 1713 1704 1742 cum

126 1766 338 1824 Pompeio
368 1765 537 1810 castris'
563 1766 844 1810 concludatur
874 1766 1058 1810 forsitan
1083 1769 1159 1809 aut
1184 1767 1238 1808 ad
1268 1782 1429 1810 annum
1457 1770 1512 1812 76
1544 1773 1620 1812 aut
1651 1771 1705 1812 ad

31 1835 43 1862 5
128 1849 321 1897 'pugnam
355 1837 687 1894 Sucronensem,
722 1841 823 1894 post
859 1852 988 1894 quam
1025 1837 1110 1880 duo
1149 1824 1431 1894 imperatores
1469 1841 1704 1884 exercitum

30 1939 31 1942 =
119 1908 395 1968 aliquamdiu
425 1907 801 1967 coniunxerant4),
833 1912 1038 1965 spectare.

245 1980 295 2027 II
331 1982 406 2037 12,
442 1982 471 2024 2
513 1980 586 2039 (de
623 1980 742 2023 clade
774 1980 964 2037 equestri
993 1979 1330 2039 Romanorum),
1373 1982 1448 2024 ubi
1480 1997 1503 2025 e
1540 1984 1703 2027 verbis:

129 2052 340 2099 *hostium
358 2051 572 2110 equitatui
591 2052 778 2095 maxime
797 2052 951 2108 impar’
971 2052 1154 2095 forsitan
1167 2052 1313 2095 elicias
1332 2053 1438 2096 haec
1457 2044 1583 2098 initio
1598 2055 1701 2098 belli

125 2125 242 2171 faeta
278 2139 383 2171 esse.
421 2149 477 2156 —
509 2124 575 2167 De
599 2124 674 2167 Ps.
700 2123 871 2166 Front.
897 2123 966 2167 IV
988 2124 1031 2181 5,
1053 2126 1126 2180 19,
1158 2139 1243 2180 quo
1275 2124 1591 2169 Consaburram
1624 2142 1701 2183 per

125 2195 394 2242 Hirtuleium
430 2196 650 2240 obsessam
686 2196 885 2252 fameque
916 2198 1115 2239 vexatam
1153 2211 1245 2239 esse
1277 2200 1553 2254 memoratur,
1589 2198 1700 2241 nihil

125 2267 312 2325 amplius
342 2267 512 2312 scimus.

244 2339 412 2383 Deinde
436 2338 635 2383 Valerii
659 2338 866 2382 Maximi
893 2338 1088 2394 exempla
1119 2337 1199 2395 12,
1217 2341 1258 2395 4,
1283 2338 1377 2383 VII
1396 2342 1437 2396 3,
1457 2341 1496 2397 6,
1526 2340 1593 2383 IX
1616 2343 1652 2396 1,
1671 2342 1699 2384 5

122 2417 153 2455 'e
185 2410 392 2457 Sallustio
436 2412 636 2467 excerpta
678 2425 771 2454 esse
815 2425 944 2466 supra
981 2410 1240 2454 edocuimus.
1250 2409 1286 2468 ⁵)
1358 2411 1589 2468 Reliquum
1634 2417 1700 2455 est

127 2482 373 2541 exemplum
395 2480 492 2526 VII
516 2483 557 2539 6,
589 2484 683 2525 ext.
709 2483 737 2526 3
769 2482 821 2525 de
854 2481 1100 2539 Calagurris
1132 2482 1368 2539 obsidione,
1399 2483 1520 2527 cuius
1551 2485 1699 2528 verba:

248 2625 283 2670 1)
307 2622 363 2660 Of.
388 2622 495 2659 fr.11
521 2626 564 2659 15
591 2624 630 2658 et
657 2627 712 2660 16.

244 2686 283 2730 8)
305 2681 450 2719 Iniuria
473 2681 714 2719 enuntiatum
743 2693 820 2728 quo
844 2682 974 2719 Livius
999 2683 1179 2719 laudatur
1204 2682 1473 2719 Gundermann
1504 2683 1545 2718 in
1571 2683 1696 2721 annal.

124 2742 259 2791 philol.
278 2742 364 2783 XVI
388 2741 511 2789 suppl.
536 2754 573 2788 p.
594 2746 663 2779 369
690 2741 856 2778 sustulit.
893 2743 895 2746 “
1006 2770 1009 2773 ,

216 2838 220 2843 ,
246 2805 283 2847 8)
305 2801 366 2843 Ad
384 2801 536 2839 Livium
555 2801 628 2838 hoc
647 2802 862 2852 exemplum
878 2801 1002 2838 redire
1028 2802 1266 2848 negligenter
1284 2801 1364 2837 iudi
1366 2803 1430 2837 cat
1452 2802 1568 2839 Edler
1586 2815 1622 2849 p.
1637 2807 1694 2840 37.

229 2863 284 2909 4)
307 2861 390 2902 Hoc
414 2861 538 2898 voluit>
560 2861 819 2898 Drumaunum
844 2863 996 2899 secutus
1021 2861 1135 2897 Edler
1158 2874 1194 2907 p.
1215 2865 1272 2898 34.

247 2923 285 2968 5)
308 2919 497 2958 Nimirum
521 2922 726 2968 praeeunte
744 2921 827 2958 viro
851 2920 1071 2958 doctissimo
1090 2920 1261 2967 Kempfio
1280 2920 1321 2956 in
1339 2919 1430 2957 edit.
1449 2921 1567 2967 praef.
1588 2934 1623 2968 p.
1640 2926 1695 2958 17.
