2034 3184
526 150 755 195 Fragmenta
773 151 924 184 51—55.
952 170 998 174 —
1023 148 1223 184 Enarratio
1243 152 1395 185 56—65.
1663 147 1746 188 177

171 262 371 305 Achaiam
400 263 523 303 biduo
554 262 776 302 breviorem
812 261 919 300 diem
950 262 1194 314 postularet,
1233 275 1313 302 non
1344 264 1392 300 ut
1422 262 1456 301 is
1494 262 1599 301 idem
1630 260 1749 301 confi-

174 324 284 364 oeret
303 322 520 375 *diligentia
544 324 586 362 et
609 322 809 361 industria
834 333 908 361 sua
929 353 936 360 .
958 352 966 359 .
989 353 997 360 .
1020 353 1027 359 .
1048 322 1195 361 etenim
1221 323 1289 361 ille
1308 322 1509 362 Achaicus
1535 321 1750 372 inquisitor

171 395 227 426 ,ne
261 382 524 422 Brundisium
565 382 727 434 quidem
766 381 950 432 pervenit
982 410 991 419 .
1013 414 1019 419 .
1043 412 1079 420 ..
1112 384 1160 420 ut
1200 382 1458 432 perspicuum
1497 381 1624 420 cuivis
1666 393 1749 420 esse

173 443 310 494 posset
339 442 541 482 hominem
579 442 628 481 ab
659 442 737 482 isto
770 441 1000 492 quaesitum
1033 454 1135 493 esse,
1174 455 1253 481 non
1286 442 1356 492 qui
1387 455 1501 481 reum
1533 454 1651 480 suum
1683 441 1750 479 ad-

174 499 355 554 duceret,
392 502 461 541 sed
499 501 570 553 qui
605 515 740 541 meum
770 502 930 552 tempus
969 497 1199 552 obsideret’,
1241 501 1332 540 dein
1371 516 1390 541 e
1423 502 1543 541 schol.
1578 501 1750 540 Gronov.

173 560 226 602 ad
255 559 294 601 h.
325 561 351 600 1.
383 557 442 616 (p.
469 563 555 602 388
571 555 676 614 Or.):
708 557 891 611 ‘quidam
922 561 1157 612 Dasianum,
1191 561 1262 599 alii
1293 561 1479 601 Pisonem
1511 558 1679 600 dicunt.'

799 859 1007 907 CAPUT
1045 858 1127 906 IV.

503 962 700 1007 Bellum
732 963 1093 1019 Armeniacum,
1126 963 1192 1007 fr.
1220 964 1423 1007 56—80.

232 1063 344 1103 Inest
373 1063 422 1103 de
451 1063 572 1103 rebus
602 1063 768 1103 urbanis
801 1064 896 1102 anni
924 1066 977 1103 69
1011 1064 1058 1102 fr.
1090 1065 1144 1102 70
1170 1065 1211 1101 et
1238 1066 1306 1115 71,
1338 1064 1434 1102 anni
1461 1066 1516 1103 68
1548 1064 1596 1102 fr.
1625 1066 1692 1102 81.

840 1186 1088 1224 Eum-ratio.

292 1263 339 1307 L.
376 1263 582 1307 Lucullus
620 1266 824 1319 superato
864 1263 918 1305 ad
956 1263 1157 1306 Cabiram
1194 1263 1447 1306 Mithridate
1486 1266 1754 1320 expugnato-

173 1350 258 1393 que
276 1335 407 1379 Ponti
433 1350 568 1393 regno
588 1335 635 1378 in
653 1334 758 1378 Asia
778 1335 1001 1391 provincia
1026 1335 1212 1378 hiemem
1233 1335 1324 1393 egit
1351 1350 1530 1391 eamque
1557 1349 1755 1390 procura-

173 1410 318 1451 torum
343 1410 474 1464 atque
499 1406 791 1450 feneratorum
817 1407 997 1450 saevitia
1022 1407 1362 1465 ingentibusque
1388 1406 1568 1449 tributis
1595 1406 1755 1448 exemit

174 1477 326 1538 (Plut.
363 1479 478 1522 Luc.
509 1493 544 1522 c.
570 1477 659 1537 20).
721 1478 867 1535 Atque
907 1479 1081 1522 interim
1118 1479 1293 1535 Appius
1309 1478 1547 1536 -Olaudius,
1584 1478 1755 1521 Luculli

171 1550 363 1610 legatus,
399 1551 453 1594 ad
483 1550 716 1608 Tigranem
747 1550 906 1594 missus
937 1554 1047 1607 erat,
1084 1554 1134 1594 ut
1165 1551 1463 1594 Mithridatem
1502 1554 1755 1606 exposceret

173 1637 224 1666 ac
263 1622 393 1666 simul
434 1622 730 1666 subiectorum
766 1622 943 1680 Tigrani
985 1622 1250 1679 populorum
1294 1622 1423 1664 fidem
1461 1625 1756 1678 corrumperet

174 1692 325 1754 (Plut.
357 1694 471 1738 Luc.
503 1709 536 1738 c.
564 1696 641 1751 21,
681 1694 788 1737 adde
826 1694 882 1737 fr.
909 1695 985 1751 56,
1017 1693 1112 1751 57);
1154 1697 1197 1737 et
1234 1694 1342 1736 illud
1381 1693 1554 1750 quidem
1596 1708 1693 1736 cum
1731 1694 1920 1749 a56,57

172 1776 276 1824 rege
305 1779 394 1809 non
424 1765 692 1822 impetraret,
724 1768 870 1808 tamen
902 1765 985 1808 hoc
1017 1766 1182 1822 optime
1215 1765 1364 1822 Appio
1398 1765 1551 1808 evenit.

291 1837 420 1882 Anno
451 1840 554 1894 post
579 1838 636 1881 69
666 1837 713 1888 Q.
739 1837 975 1881 Hortensio
1008 1837 1054 1888 Q.
1083 1837 1268 1881 Caecilio
1294 1837 1471 1880 Metello
1504 1837 1755 1880 consulibus

172 1908 288 1953 Iovis
318 1909 555 1966 Capitolini
586 1909 801 1965 templum
835 1910 1045 1953 refectum
1077 1926 1102 1952 a
1133 1910 1180 1961 Q.
1215 1909 1368 1953 Catulo
1402 1909 1645 1952 dedicatum
1677 1913 1754 1952 est.

172 1979 258 2025 Sed
292 1995 392 2025 vere
422 1981 631 2024 Lucullus
667 1996 719 2024 ex
751 1981 894 2025 Ponto
933 1982 987 2024 ad
1020 1982 1184 2025 bellum
1215 1982 1446 2025 Armeniae
1485 1981 1756 2024 inferendum

173 2053 396 2110 profectus
435 2052 585 2095 invitis
623 2052 797 2109 quidem
836 2053 1053 2096 militibus
1091 2052 1167 2111 (fr.
1195 2052 1272 2111 58)
1311 2053 1583 2109 Euphratem
1620 2057 1755 2097 trans·
1777 2054 1833 2098 58

174 2138 351 2183 gressus
382 2126 450 2167 est
481 2122 558 2182 (fr.
584 2125 655 2180 59,
681 2123 770 2183 60),
803 2124 901 2167 dein
930 2140 1009 2180 per
1034 2124 1264 2181 Sophenen
1288 2125 1555 2181 traiectoque
1581 2125 1756 2183 Tigride
1777 2127 1847 2184 59,
1867 2126 1924 2168 (30

174 2196 221 2240 in
262 2210 447 2254 regnum
484 2195 685 2253 Tigranis
729 2196 886 2239 invasit
929 2195 1079 2254 (Plut.
1115 2212 1149 2240 c.
1176 2195 1265 2254 24).
1327 2197 1474 2239 Etiam
1518 2197 1564 2240 in
1601 2197 1755 2240 itinere

174 2267 343 2326 equites
367 2267 512 2325 regios
537 2282 636 2310 cum
660 2267 1010 2311 Mithrobarzane
1036 2268 1142 2311 duce
1169 2283 1247 2325 per
1272 2268 1466 2326 legatum
1498 2269 1622 2326 fudit,
1654 2285 1755 2313 mox

173 2341 319 2397 ipsum
356 2353 505 2397 regem
541 2339 738 2382 recedere
776 2340 821 2382 in
853 2343 1024 2383 montes
1063 2341 1224 2398 coegit,
1261 2340 1587 2399 Tigranocerta,
1626 2346 1757 2398 caput

172 2411 310 2470 regni,
334 2425 502 2455 summo
524 2425 660 2467 opere·
674 2411 897 2455 defensum
923 2412 1094 2456 obsedit
1119 2412 1195 2471 (fr.
1217 2412 1414 2471 61—63)
1440 2413 1597 2471 legatis
1624 2414 1752 2457 simul
1773 2416 1924 2472 61,62,
1936 2416 1992 2459 63

95 2513 102 2518 -
172 2483 366 2528 hostium
404 2478 620 2526 exercitus
658 2484 1109 2540 appropinquantium
1147 2485 1404 2542 impugnare
1443 2485 1572 2528 iussis
1605 2485 1754 2543 (Plut.

175 2571 210 2600 c.
236 2554 326 2614 25).
382 2554 466 2598 Sed
491 2554 700 2612 Tigranes
732 2558 906 2599 vetante
931 2556 1196 2613 Mithridate,
1227 2560 1277 2600 ut
1309 2557 1452 2600 sedem
1485 2557 1656 2613 imperii
1689 2558 1755 2600 sui

174 2627 399 2672 obsidione
440 2626 646 2683 solveret,
689 2630 839 2671 contra
876 2627 1103 2672 Lucullum
1144 2629 1367 2673 contendit
1408 2629 1575 2686 ingenti
1618 2630 1755 2672 fretus

174 2698 379 2755 exercitU,
403 2713 533 2755 quem
559 2699 737 2755 optime
751 2699 1010 2743 instructum
1035 2701 1391 2758 frequentemque
1415 2701 1604 2757 undique
1624 2704 1755 2744 terra-

174 2785 273 2816 rum
304 2773 515 2828 coegerat.
536 2769 688 2828 (Plut.
721 2786 754 2814 c.
781 2770 877 2829 26):
914 2771 959 2815 in
998 2787 1084 2830 quo
1117 2773 1332 2830 imprimis
1370 2772 1656 2828 cataphracti,
1695 2773 1755 2815 in-

174 2842 353 2899 solitum
378 2845 505 2885 antea
523 2842 730 2886 Romanis
752 2843 941 2887 militum
966 2859 1116 2902 genus,
1143 2861 1168 2887 a
1187 2844 1392 2888 Sallustio
1420 2834 1627 2901 descripti
1655 2849 1756 2888 sunt

174 2913 252 2974 (fr.
278 2915 350 2971 64,
375 2913 464 2973 65).
527 2913 643 2965 Quas
674 2915 876 2959 adversus
907 2916 1054 2973 copias
1086 2917 1166 2974 nil,
1206 2917 1286 2960 nisi
1324 2919 1530 2973 quattuor
1560 2917 1754 2975 legiones
1777 2921 1847 2975 64,
1867 2921 1925 2963 (35

247 2992 483 3025 Sallustius,
503 2991 548 3018 cd.
569 2992 836 3020 Maurenbrocher.
863 2994 903 3019 ΙΙ.
1425 2992 1467 3022 12
