<?xml version="1.0" encoding="UTF-8"?>
<!DOCTYPE html PUBLIC "-//W3C//DTD XHTML 1.0 Transitional//EN"
    "http://www.w3.org/TR/xhtml1/DTD/xhtml1-transitional.dtd">
<html xmlns="http://www.w3.org/1999/xhtml" xml:lang="en" lang="en">
 <head>
  <title>
</title>
<meta http-equiv="Content-Type" content="text/html;charset=utf-8" />
  <meta name='ocr-system' content='tesseract 3.04.00' />
  <meta name='ocr-capabilities' content='ocr_page ocr_carea ocr_par ocr_line ocrx_word'/>
</head>
<body>
  <div class='ocr_page' id='page_1' title='image "./historiarumreliq00salluoft_0166.png"; bbox 0 0 1976 3190; ppageno 0'>
   <div class='ocr_carea' id='block_1_1' title="bbox 1769 0 1976 183">
    <p class='ocr_par' dir='ltr' id='par_1_1' title="bbox 1769 0 1976 183">
     <span class='ocr_line' id='line_1_1' title="bbox 1769 0 1976 183; baseline 0 3007"><span class='ocrx_word' id='word_1_1' title='bbox 1769 0 1976 183; x_wconf 95' lang='lat' dir='ltr'> </span> 
     </span>
    </p>
   </div>
   <div class='ocr_carea' id='block_1_2' title="bbox 311 163 1821 212">
    <p class='ocr_par' dir='ltr' id='par_1_2' title="bbox 311 163 1821 212">
     <span class='ocr_line' id='line_1_2' title="bbox 311 163 1821 212; baseline 0.003 -16"><span class='ocrx_word' id='word_1_2' title='bbox 311 164 369 205; x_wconf 78' lang='lat'>50</span> <span class='ocrx_word' id='word_1_3' title='bbox 807 163 963 199; x_wconf 74' lang='lat' dir='ltr'><strong>Sallusti</strong></span> <span class='ocrx_word' id='word_1_4' title='bbox 986 164 1236 200; x_wconf 70' lang='lat' dir='ltr'>Historiarum</span> <span class='ocrx_word' id='word_1_5' title='bbox 1260 165 1325 200; x_wconf 92' lang='lat' dir='ltr'>lib.</span> <span class='ocrx_word' id='word_1_6' title='bbox 1346 165 1372 200; x_wconf 93' lang='grc' dir='ltr'>Ι.</span> <span class='ocrx_word' id='word_1_7' title='bbox 1796 190 1821 212; x_wconf 68' lang='grc'><strong>.</strong></span> 
     </span>
    </p>
   </div>
   <div class='ocr_carea' id='block_1_3' title="bbox 433 248 1718 329">
    <p class='ocr_par' dir='ltr' id='par_1_3' title="bbox 433 248 1718 329">
     <span class='ocr_line' id='line_1_3' title="bbox 433 248 1718 329; baseline 0.003 -17"><span class='ocrx_word' id='word_1_8' title='bbox 433 269 574 314; x_wconf 82' lang='grc'><strong>119*.</strong></span> <span class='ocrx_word' id='word_1_9' title='bbox 634 270 729 312; x_wconf 92' lang='grc' dir='ltr'><strong>Ι116</strong></span> <span class='ocrx_word' id='word_1_10' title='bbox 762 248 1111 329; x_wconf 81' lang='lat' dir='ltr'>Conisturgim</span> <span class='ocrx_word' id='word_1_11' title='bbox 1142 272 1274 328; x_wconf 87' lang='lat' dir='ltr'>apud</span> <span class='ocrx_word' id='word_1_12' title='bbox 1304 272 1537 329; x_wconf 84' lang='lat' dir='ltr'>legiones</span> <span class='ocrx_word' id='word_1_13' title='bbox 1567 273 1718 316; x_wconf 85' lang='lat' dir='ltr'>venit.</span> 
     </span>
    </p>
   </div>
   <div class='ocr_carea' id='block_1_4' title="bbox 385 342 557 347">
    <p class='ocr_par' dir='ltr' id='par_1_4' title="bbox 385 342 557 347">
     <span class='ocr_line' id='line_1_4' title="bbox 385 342 557 347; baseline 0 0"><span class='ocrx_word' id='word_1_14' title='bbox 385 342 557 347; x_wconf 95' lang='lat' dir='ltr'> </span> 
     </span>
    </p>
   </div>
   <div class='ocr_carea' id='block_1_5' title="bbox 429 375 1645 423">
    <p class='ocr_par' dir='ltr' id='par_1_5' title="bbox 429 375 1645 423">
     <span class='ocr_line' id='line_1_5' title="bbox 429 375 1645 423; baseline 0.003 -14"><span class='ocrx_word' id='word_1_15' title='bbox 429 375 534 419; x_wconf 86' lang='lat' dir='ltr'><strong>App.</strong></span> <span class='ocrx_word' id='word_1_16' title='bbox 586 375 671 420; x_wconf 87' lang='lat' dir='ltr'>(Ine.</span> <span class='ocrx_word' id='word_1_17' title='bbox 695 378 738 410; x_wconf 90' lang='lat'>70</span> <span class='ocrx_word' id='word_1_18' title='bbox 751 375 794 420; x_wconf 90' lang='lat' dir='ltr'>D,</span> <span class='ocrx_word' id='word_1_19' title='bbox 822 380 866 411; x_wconf 88' lang='grc'>36</span> <span class='ocrx_word' id='word_1_20' title='bbox 879 376 922 422; x_wconf 87' lang='grc' dir='ltr'>Κ,</span> <span class='ocrx_word' id='word_1_21' title='bbox 949 380 994 411; x_wconf 88' lang='grc'>49</span> <span class='ocrx_word' id='word_1_22' title='bbox 1010 376 1066 423; x_wconf 81' lang='lat' dir='ltr'>G.)</span> <span class='ocrx_word' id='word_1_23' title='bbox 1092 399 1138 403; x_wconf 90' lang='lat'>—</span> <span class='ocrx_word' id='word_1_24' title='bbox 1162 376 1326 422; x_wconf 83' lang='lat' dir='ltr'>Pompei.</span> <span class='ocrx_word' id='word_1_25' title='bbox 1354 388 1483 413; x_wconf 91' lang='lat' dir='ltr'>comm.</span> <span class='ocrx_word' id='word_1_26' title='bbox 1510 390 1545 423; x_wconf 91' lang='lat' dir='ltr'>p.</span> <span class='ocrx_word' id='word_1_27' title='bbox 1566 381 1645 414; x_wconf 82' lang='lat'>273.</span> 
     </span>
    </p>
   </div>
   <div class='ocr_carea' id='block_1_6' title="bbox 309 462 1868 812">
    <p class='ocr_par' dir='ltr' id='par_1_6' title="bbox 309 462 1868 812">
     <span class='ocr_line' id='line_1_6' title="bbox 430 462 1866 518; baseline 0.003 -17"><span class='ocrx_word' id='word_1_28' title='bbox 430 462 597 501; x_wconf 83' lang='lat' dir='ltr'>Comm.</span> <span class='ocrx_word' id='word_1_29' title='bbox 647 464 840 516; x_wconf 84' lang='lat' dir='ltr'>Legiones</span> <span class='ocrx_word' id='word_1_30' title='bbox 873 478 963 503; x_wconf 90' lang='lat' dir='ltr'>cum</span> <span class='ocrx_word' id='word_1_31' title='bbox 988 467 1317 504; x_wconf 75' lang='lat' dir='ltr'>commemoratae</span> <span class='ocrx_word' id='word_1_32' title='bbox 1342 466 1432 517; x_wconf 88' lang='lat' dir='ltr'>sint,</span> <span class='ocrx_word' id='word_1_33' title='bbox 1463 466 1527 504; x_wconf 67' lang='lat' dir='ltr'>ville</span> <span class='ocrx_word' id='word_1_34' title='bbox 1552 479 1631 505; x_wconf 90' lang='lat' dir='ltr'>non</span> <span class='ocrx_word' id='word_1_35' title='bbox 1657 466 1866 518; x_wconf 76' lang='lat' dir='ltr'>Sertorius,</span> 
     </span>
     <span class='ocr_line' id='line_1_7' title="bbox 311 522 1866 578; baseline 0.004 -19"><span class='ocrx_word' id='word_1_36' title='bbox 311 522 377 560; x_wconf 86' lang='lat' dir='ltr'>sed</span> <span class='ocrx_word' id='word_1_37' title='bbox 402 522 604 561; x_wconf 80' lang='lat' dir='ltr'>Romanus</span> <span class='ocrx_word' id='word_1_38' title='bbox 636 525 696 561; x_wconf 89' lang='lat' dir='ltr'>est</span> <span class='ocrx_word' id='word_1_39' title='bbox 726 524 959 575; x_wconf 69' lang='lat' dir='ltr'>imperator,</span> <span class='ocrx_word' id='word_1_40' title='bbox 992 526 1032 563; x_wconf 89' lang='lat' dir='ltr'>et</span> <span class='ocrx_word' id='word_1_41' title='bbox 1062 525 1113 562; x_wconf 88' lang='lat' dir='ltr'>ad</span> <span class='ocrx_word' id='word_1_42' title='bbox 1142 524 1293 563; x_wconf 85' lang='lat' dir='ltr'>bellum</span> <span class='ocrx_word' id='word_1_43' title='bbox 1319 525 1556 564; x_wconf 89' lang='lat' dir='ltr'>Lusitanum</span> <span class='ocrx_word' id='word_1_44' title='bbox 1579 525 1732 564; x_wconf 85' lang='lat' dir='ltr'>Metelli</span> <span class='ocrx_word' id='word_1_45' title='bbox 1761 525 1866 578; x_wconf 70' lang='lat' dir='ltr'>frag-</span> 
     </span>
     <span class='ocr_line' id='line_1_8' title="bbox 309 582 1867 636; baseline 0.004 -18"><span class='ocrx_word' id='word_1_46' title='bbox 309 583 488 619; x_wconf 86' lang='lat' dir='ltr'>mentum</span> <span class='ocrx_word' id='word_1_47' title='bbox 519 582 659 620; x_wconf 88' lang='lat' dir='ltr'>rettuli</span> <span class='ocrx_word' id='word_1_48' title='bbox 691 585 811 632; x_wconf 88' lang='lat' dir='ltr'>atque</span> <span class='ocrx_word' id='word_1_49' title='bbox 843 596 934 621; x_wconf 90' lang='lat' dir='ltr'>cum</span> <span class='ocrx_word' id='word_1_50' title='bbox 964 584 1011 621; x_wconf 88' lang='lat' dir='ltr'>fr.</span> <span class='ocrx_word' id='word_1_51' title='bbox 1036 586 1118 622; x_wconf 82' lang='lat'>120</span> <span class='ocrx_word' id='word_1_52' title='bbox 1139 586 1178 621; x_wconf 90' lang='lat' dir='ltr'>et</span> <span class='ocrx_word' id='word_1_53' title='bbox 1202 586 1279 622; x_wconf 84' lang='lat'>121</span> <span class='ocrx_word' id='word_1_54' title='bbox 1315 584 1512 636; x_wconf 85' lang='lat' dir='ltr'>coniunxi,</span> <span class='ocrx_word' id='word_1_55' title='bbox 1544 585 1640 635; x_wconf 86' lang='lat' dir='ltr'>quia</span> <span class='ocrx_word' id='word_1_56' title='bbox 1665 583 1867 624; x_wconf 82' lang='lat' dir='ltr'>Ounorum</span> 
     </span>
     <span class='ocr_line' id='line_1_9' title="bbox 310 640 1868 694; baseline 0.003 -16"><span class='ocrx_word' id='word_1_57' title='bbox 310 640 500 689; x_wconf 88' lang='lat' dir='ltr'>oppidum</span> <span class='ocrx_word' id='word_1_58' title='bbox 543 654 664 691; x_wconf 87' lang='lat' dir='ltr'>prope</span> <span class='ocrx_word' id='word_1_59' title='bbox 702 642 972 693; x_wconf 82' lang='lat' dir='ltr'>Langobriten</span> <span class='ocrx_word' id='word_1_60' title='bbox 1015 655 1140 692; x_wconf 91' lang='lat' dir='ltr'>eaque</span> <span class='ocrx_word' id='word_1_61' title='bbox 1180 643 1221 681; x_wconf 90' lang='lat' dir='ltr'>in</span> <span class='ocrx_word' id='word_1_62' title='bbox 1264 643 1495 682; x_wconf 74' lang='lat' dir='ltr'>Lusitaniae</span> <span class='ocrx_word' id='word_1_63' title='bbox 1539 645 1652 694; x_wconf 83' lang='lat' dir='ltr'>parte</span> <span class='ocrx_word' id='word_1_64' title='bbox 1692 645 1868 683; x_wconf 81' lang='lat' dir='ltr'>extrema</span> 
     </span>
     <span class='ocr_line' id='line_1_10' title="bbox 309 699 1867 752; baseline 0.004 -16"><span class='ocrx_word' id='word_1_65' title='bbox 309 699 430 738; x_wconf 87' lang='lat' dir='ltr'>situm</span> <span class='ocrx_word' id='word_1_66' title='bbox 467 702 545 751; x_wconf 87' lang='lat' dir='ltr'>est,</span> <span class='ocrx_word' id='word_1_67' title='bbox 588 701 658 738; x_wconf 90' lang='lat' dir='ltr'>ubi</span> <span class='ocrx_word' id='word_1_68' title='bbox 700 701 760 740; x_wconf 88' lang='lat' dir='ltr'>bis</span> <span class='ocrx_word' id='word_1_69' title='bbox 797 703 1022 752; x_wconf 84' lang='lat' dir='ltr'>pugnatum</span> <span class='ocrx_word' id='word_1_70' title='bbox 1066 714 1148 740; x_wconf 88' lang='lat' dir='ltr'>esse</span> <span class='ocrx_word' id='word_1_71' title='bbox 1185 703 1269 741; x_wconf 87' lang='lat' dir='ltr'>veri</span> <span class='ocrx_word' id='word_1_72' title='bbox 1306 702 1615 741; x_wconf 88' lang='lat' dir='ltr'>dissimillimum</span> <span class='ocrx_word' id='word_1_73' title='bbox 1653 705 1723 742; x_wconf 82' lang='lat' dir='ltr'>est.</span> <span class='ocrx_word' id='word_1_74' title='bbox 1790 702 1867 742; x_wconf 79' lang='lat' dir='ltr'>Sed</span> 
     </span>
     <span class='ocr_line' id='line_1_11' title="bbox 309 759 1632 812; baseline 0.005 -17"><span class='ocrx_word' id='word_1_75' title='bbox 309 771 506 807; x_wconf 83' lang='lat' dir='ltr'>quaenam</span> <span class='ocrx_word' id='word_1_76' title='bbox 536 772 598 798; x_wconf 87' lang='lat' dir='ltr'>res</span> <span class='ocrx_word' id='word_1_77' title='bbox 630 759 860 812; x_wconf 82' lang='lat' dir='ltr'>Conisturgi</span> <span class='ocrx_word' id='word_1_78' title='bbox 891 762 1003 799; x_wconf 89' lang='lat' dir='ltr'>actae</span> <span class='ocrx_word' id='word_1_79' title='bbox 1035 762 1123 799; x_wconf 89' lang='lat' dir='ltr'>tum</span> <span class='ocrx_word' id='word_1_80' title='bbox 1155 761 1244 811; x_wconf 91' lang='lat' dir='ltr'>sint,</span> <span class='ocrx_word' id='word_1_81' title='bbox 1276 762 1394 811; x_wconf 89' lang='lat' dir='ltr'>plane</span> <span class='ocrx_word' id='word_1_82' title='bbox 1426 762 1632 801; x_wconf 84' lang='lat' dir='ltr'>nescimus.</span> 
     </span>
    </p>
   </div>
   <div class='ocr_carea' id='block_1_7' title="bbox 429 857 1791 921">
    <p class='ocr_par' dir='ltr' id='par_1_7' title="bbox 429 857 1791 921">
     <span class='ocr_line' id='line_1_12' title="bbox 429 857 1791 921; baseline 0.004 -19"><span class='ocrx_word' id='word_1_83' title='bbox 429 859 568 905; x_wconf 47' lang='lat'>120³&amp;</span> <span class='ocrx_word' id='word_1_84' title='bbox 632 861 876 904; x_wconf 74' lang='lat' dir='ltr'>Consedit</span> <span class='ocrx_word' id='word_1_85' title='bbox 907 862 958 904; x_wconf 91' lang='lat' dir='ltr'>in</span> <span class='ocrx_word' id='word_1_86' title='bbox 989 863 1122 904; x_wconf 85' lang='lat' dir='ltr'>valle</span> <span class='ocrx_word' id='word_1_87' title='bbox 1153 863 1382 920; x_wconf 85' lang='lat' dir='ltr'>virgulta</span> <span class='ocrx_word' id='word_1_88' title='bbox 1412 857 1791 921; x_wconf 80' lang='lat' dir='ltr'>nemorosaque.</span> 
     </span>
    </p>
   </div>
   <div class='ocr_carea' id='block_1_8' title="bbox 308 967 1865 1058">
    <p class='ocr_par' dir='ltr' id='par_1_8' title="bbox 308 967 1865 1058">
     <span class='ocr_line' id='line_1_13' title="bbox 426 967 1865 1016; baseline 0.003 -15"><span class='ocrx_word' id='word_1_89' title='bbox 426 967 531 1012; x_wconf 88' lang='lat' dir='ltr'>App.</span> <span class='ocrx_word' id='word_1_90' title='bbox 577 967 663 1012; x_wconf 83' lang='lat' dir='ltr'>(Ine.</span> <span class='ocrx_word' id='word_1_91' title='bbox 684 971 729 1002; x_wconf 80' lang='lat'>42</span> <span class='ocrx_word' id='word_1_92' title='bbox 743 967 787 1011; x_wconf 82' lang='lat' dir='ltr'>D,</span> <span class='ocrx_word' id='word_1_93' title='bbox 814 967 892 1012; x_wconf 88' lang='grc' dir='ltr'>8Κ,</span> <span class='ocrx_word' id='word_1_94' title='bbox 919 971 964 1003; x_wconf 89' lang='lat'>43</span> <span class='ocrx_word' id='word_1_95' title='bbox 977 967 1019 1012; x_wconf 84' lang='lat' dir='ltr'>G,</span> <span class='ocrx_word' id='word_1_96' title='bbox 1045 968 1061 1002; x_wconf 92' lang='grc' dir='ltr'>Ι</span> <span class='ocrx_word' id='word_1_97' title='bbox 1085 980 1120 1013; x_wconf 90' lang='lat' dir='ltr'>p.</span> <span class='ocrx_word' id='word_1_98' title='bbox 1143 971 1222 1013; x_wconf 85' lang='lat'>514,</span> <span class='ocrx_word' id='word_1_99' title='bbox 1248 968 1282 1002; x_wconf 88' lang='lat' dir='ltr'><strong>H</strong></span> <span class='ocrx_word' id='word_1_100' title='bbox 1306 981 1340 1014; x_wconf 87' lang='lat' dir='ltr'>p.</span> <span class='ocrx_word' id='word_1_101' title='bbox 1356 972 1424 1004; x_wconf 83' lang='lat'>553</span> <span class='ocrx_word' id='word_1_102' title='bbox 1438 969 1514 1015; x_wconf 71' lang='grc' dir='ltr'>ΒΥ.)</span> <span class='ocrx_word' id='word_1_103' title='bbox 1539 990 1586 996; x_wconf 88' lang='lat'>—</span> <span class='ocrx_word' id='word_1_104' title='bbox 1611 969 1711 1007; x_wconf 84' lang='lat' dir='ltr'>Serv.</span> <span class='ocrx_word' id='word_1_105' title='bbox 1737 969 1865 1016; x_wconf 85' lang='lat' dir='ltr'>(schol.</span> 
     </span>
     <span class='ocr_line' id='line_1_14' title="bbox 308 1013 785 1058; baseline 0.004 -10"><span class='ocrx_word' id='word_1_106' title='bbox 308 1013 416 1058; x_wconf 87' lang='lat' dir='ltr'>Dan.)</span> <span class='ocrx_word' id='word_1_107' title='bbox 443 1014 492 1048; x_wconf 89' lang='lat' dir='ltr'>ad</span> <span class='ocrx_word' id='word_1_108' title='bbox 518 1014 608 1049; x_wconf 91' lang='lat' dir='ltr'>Aen.</span> <span class='ocrx_word' id='word_1_109' title='bbox 635 1014 686 1048; x_wconf 91' lang='grc' dir='ltr'>ΙΙΙ</span> <span class='ocrx_word' id='word_1_110' title='bbox 707 1019 785 1050; x_wconf 83' lang='grc'><strong>516.</strong></span> 
     </span>
    </p>
   </div>
   <div class='ocr_carea' id='block_1_9' title="bbox 305 1102 1866 1378">
    <p class='ocr_par' dir='ltr' id='par_1_9' title="bbox 305 1102 1866 1378">
     <span class='ocr_line' id='line_1_15' title="bbox 426 1102 1864 1156; baseline 0.003 -16"><span class='ocrx_word' id='word_1_111' title='bbox 426 1102 592 1141; x_wconf 79' lang='lat' dir='ltr'>Comm.</span> <span class='ocrx_word' id='word_1_112' title='bbox 641 1103 704 1142; x_wconf 90' lang='lat' dir='ltr'>Ad</span> <span class='ocrx_word' id='word_1_113' title='bbox 723 1103 875 1152; x_wconf 89' lang='lat' dir='ltr'>Aquini</span> <span class='ocrx_word' id='word_1_114' title='bbox 895 1104 1047 1142; x_wconf 85' lang='lat' dir='ltr'>cladem</span> <span class='ocrx_word' id='word_1_115' title='bbox 1066 1104 1336 1155; x_wconf 83' lang='lat' dir='ltr'>fragmentum</span> <span class='ocrx_word' id='word_1_116' title='bbox 1360 1105 1569 1156; x_wconf 87' lang='lat' dir='ltr'>pertinere,</span> <span class='ocrx_word' id='word_1_117' title='bbox 1589 1106 1696 1156; x_wconf 87' lang='lat' dir='ltr'>quod</span> <span class='ocrx_word' id='word_1_118' title='bbox 1715 1108 1864 1146; x_wconf 85' lang='lat' dir='ltr'>ceteros</span> 
     </span>
     <span class='ocr_line' id='line_1_16' title="bbox 307 1161 1866 1217; baseline 0.003 -18"><span class='ocrx_word' id='word_1_119' title='bbox 307 1161 414 1212; x_wconf 86' lang='lat' dir='ltr'>fugit</span> <span class='ocrx_word' id='word_1_120' title='bbox 445 1162 627 1213; x_wconf 80' lang='lat' dir='ltr'>editores,</span> <span class='ocrx_word' id='word_1_121' title='bbox 652 1162 733 1200; x_wconf 88' lang='lat' dir='ltr'>iam</span> <span class='ocrx_word' id='word_1_122' title='bbox 763 1162 865 1201; x_wconf 84' lang='lat' dir='ltr'>vidit</span> <span class='ocrx_word' id='word_1_123' title='bbox 895 1163 1142 1214; x_wconf 86' lang='lat' dir='ltr'>Debrossius,</span> <span class='ocrx_word' id='word_1_124' title='bbox 1174 1164 1223 1202; x_wconf 91' lang='lat' dir='ltr'>cf.</span> <span class='ocrx_word' id='word_1_125' title='bbox 1243 1164 1350 1203; x_wconf 89' lang='lat' dir='ltr'>Plut.</span> <span class='ocrx_word' id='word_1_126' title='bbox 1376 1177 1407 1203; x_wconf 82' lang='lat' dir='ltr'>c,</span> <span class='ocrx_word' id='word_1_127' title='bbox 1430 1166 1501 1203; x_wconf 87' lang='lat'>13:</span> <span class='ocrx_word' id='word_1_128' title='bbox 1532 1163 1764 1217; x_wconf 82' lang='grc' dir='ltr'><strong><em>προλοχίσας</em></strong></span> <span class='ocrx_word' id='word_1_129' title='bbox 1792 1163 1866 1216; x_wconf 82' lang='grc' dir='ltr'>τὴν</span> 
     </span>
     <span class='ocr_line' id='line_1_17' title="bbox 309 1217 1866 1277; baseline 0.004 -19"><span class='ocrx_word' id='word_1_130' title='bbox 309 1217 404 1259; x_wconf 79' lang='grc' dir='ltr'>ὁδὸν</span> <span class='ocrx_word' id='word_1_131' title='bbox 429 1219 723 1276; x_wconf 81' lang='grc' dir='ltr'><strong><em>ἐπανερχομένῳ</em></strong></span> <span class='ocrx_word' id='word_1_132' title='bbox 747 1224 800 1276; x_wconf 81' lang='grc' dir='ltr'>τῷ</span> <span class='ocrx_word' id='word_1_133' title='bbox 817 1217 983 1277; x_wconf 79' lang='grc' dir='ltr'><strong><em>Ἀκυίνῳ</em></strong></span> <span class='ocrx_word' id='word_1_134' title='bbox 1006 1222 1239 1274; x_wconf 81' lang='grc' dir='ltr'><strong><em>τρισχιλίους</em></strong></span> <span class='ocrx_word' id='word_1_135' title='bbox 1263 1220 1413 1275; x_wconf 72' lang='grc' dir='ltr'><strong><em>ἄνδρας</em></strong></span> <span class='ocrx_word' id='word_1_136' title='bbox 1438 1222 1485 1263; x_wconf 75' lang='grc' dir='ltr'>ἔκ</span> <span class='ocrx_word' id='word_1_137' title='bbox 1509 1238 1639 1271; x_wconf 84' lang='grc' dir='ltr'><strong><em>τινος</em></strong></span> <span class='ocrx_word' id='word_1_138' title='bbox 1663 1223 1866 1264; x_wconf 81' lang='grc' dir='ltr'><strong><em>συσκίου</em></strong></span> 
     </span>
     <span class='ocr_line' id='line_1_18' title="bbox 305 1279 1864 1335; baseline 0.004 -18"><span class='ocrx_word' id='word_1_139' title='bbox 305 1279 542 1332; x_wconf 75' lang='grc' dir='ltr'><strong><em>χαράδρας</em></strong></span> <span class='ocrx_word' id='word_1_140' title='bbox 579 1279 909 1331; x_wconf 81' lang='grc' dir='ltr'><em>ἐπανίστησιν,</em></span> <span class='ocrx_word' id='word_1_141' title='bbox 946 1280 1063 1328; x_wconf 78' lang='grc' dir='ltr'>αὐτὸς</span> <span class='ocrx_word' id='word_1_142' title='bbox 1101 1279 1143 1320; x_wconf 78' lang='grc' dir='ltr'>δὲ</span> <span class='ocrx_word' id='word_1_143' title='bbox 1179 1280 1276 1320; x_wconf 82' lang='grc' dir='ltr'><em>κατὰ</em></span> <span class='ocrx_word' id='word_1_144' title='bbox 1313 1281 1435 1334; x_wconf 83' lang='grc' dir='ltr'><em>στόμα</em></span> <span class='ocrx_word' id='word_1_145' title='bbox 1470 1281 1704 1335; x_wconf 80' lang='grc' dir='ltr'><strong><em>προσβαλὼν</em></strong></span> <span class='ocrx_word' id='word_1_146' title='bbox 1734 1280 1864 1335; x_wconf 82' lang='grc' dir='ltr'><strong><em>τρέπε-</em></strong></span> 
     </span>
     <span class='ocr_line' id='line_1_19' title="bbox 305 1341 475 1378; baseline 0.012 -2"><span class='ocrx_word' id='word_1_147' title='bbox 305 1353 368 1376; x_wconf 85' lang='grc' dir='ltr'>ται</span> <span class='ocrx_word' id='word_1_148' title='bbox 397 1341 475 1378; x_wconf 79' lang='grc' dir='ltr'><em>κτλ,</em></span> 
     </span>
    </p>
   </div>
   <div class='ocr_carea' id='block_1_10' title="bbox 307 1439 1865 1566">
    <p class='ocr_par' dir='ltr' id='par_1_10' title="bbox 307 1439 1865 1566">
     <span class='ocr_line' id='line_1_20' title="bbox 428 1439 1865 1500; baseline 0.003 -17"><span class='ocrx_word' id='word_1_149' title='bbox 428 1439 535 1485; x_wconf 74' lang='lat'>121.</span> <span class='ocrx_word' id='word_1_150' title='bbox 607 1442 795 1498; x_wconf 90' lang='lat' dir='ltr'>Neque</span> <span class='ocrx_word' id='word_1_151' title='bbox 844 1458 894 1485; x_wconf 88' lang='lat' dir='ltr'>se</span> <span class='ocrx_word' id='word_1_152' title='bbox 944 1443 1175 1498; x_wconf 86' lang='lat' dir='ltr'>recipere</span> <span class='ocrx_word' id='word_1_153' title='bbox 1224 1446 1310 1485; x_wconf 88' lang='lat' dir='ltr'>aut</span> <span class='ocrx_word' id='word_1_154' title='bbox 1358 1443 1616 1486; x_wconf 86' lang='lat' dir='ltr'>instruere</span> <span class='ocrx_word' id='word_1_155' title='bbox 1665 1443 1865 1500; x_wconf 87' lang='lat' dir='ltr'>proelio</span> 
     </span>
     <span class='ocr_line' id='line_1_21' title="bbox 307 1526 528 1566; baseline 0.005 -13"><span class='ocrx_word' id='word_1_156' title='bbox 307 1526 528 1566; x_wconf 82' lang='lat' dir='ltr'>quivere.</span> 
     </span>
    </p>
   </div>
   <div class='ocr_carea' id='block_1_11' title="bbox 340 1592 589 1597">
    <p class='ocr_par' dir='ltr' id='par_1_11' title="bbox 340 1592 589 1597">
     <span class='ocr_line' id='line_1_22' title="bbox 340 1592 589 1597; baseline 0 0"><span class='ocrx_word' id='word_1_157' title='bbox 340 1592 589 1597; x_wconf 95' lang='lat' dir='ltr'> </span> 
     </span>
    </p>
   </div>
   <div class='ocr_carea' id='block_1_12' title="bbox 423 1618 1864 1667">
    <p class='ocr_par' dir='ltr' id='par_1_12' title="bbox 423 1618 1864 1667">
     <span class='ocr_line' id='line_1_23' title="bbox 423 1618 1864 1667; baseline 0.003 -14"><span class='ocrx_word' id='word_1_158' title='bbox 423 1618 529 1663; x_wconf 91' lang='lat' dir='ltr'>App.</span> <span class='ocrx_word' id='word_1_159' title='bbox 581 1619 610 1663; x_wconf 91' lang='lat' dir='ltr'>(I</span> <span class='ocrx_word' id='word_1_160' title='bbox 636 1622 680 1653; x_wconf 85' lang='lat'>95</span> <span class='ocrx_word' id='word_1_161' title='bbox 694 1619 737 1664; x_wconf 94' lang='lat' dir='ltr'>D,</span> <span class='ocrx_word' id='word_1_162' title='bbox 765 1623 809 1654; x_wconf 86' lang='lat'>97</span> <span class='ocrx_word' id='word_1_163' title='bbox 823 1619 867 1665; x_wconf 90' lang='lat' dir='ltr'>K,</span> <span class='ocrx_word' id='word_1_164' title='bbox 896 1623 963 1654; x_wconf 88' lang='lat'>103</span> <span class='ocrx_word' id='word_1_165' title='bbox 978 1619 1020 1665; x_wconf 80' lang='lat' dir='ltr'>G,</span> <span class='ocrx_word' id='word_1_166' title='bbox 1046 1619 1063 1654; x_wconf 95' lang='lat' dir='ltr'>I</span> <span class='ocrx_word' id='word_1_167' title='bbox 1082 1632 1116 1665; x_wconf 94' lang='lat' dir='ltr'>p.</span> <span class='ocrx_word' id='word_1_168' title='bbox 1139 1623 1206 1654; x_wconf 82' lang='lat'>572</span> <span class='ocrx_word' id='word_1_169' title='bbox 1221 1619 1295 1665; x_wconf 90' lang='lat' dir='ltr'>Br.)</span> <span class='ocrx_word' id='word_1_170' title='bbox 1321 1641 1367 1645; x_wconf 89' lang='lat'><em>-</em></span> <span class='ocrx_word' id='word_1_171' title='bbox 1391 1619 1570 1656; x_wconf 84' lang='lat' dir='ltr'>Priscian.</span> <span class='ocrx_word' id='word_1_172' title='bbox 1590 1620 1697 1666; x_wconf 83' lang='lat' dir='ltr'>X.(11</span> <span class='ocrx_word' id='word_1_173' title='bbox 1714 1632 1749 1666; x_wconf 89' lang='lat' dir='ltr'>p.</span> <span class='ocrx_word' id='word_1_174' title='bbox 1770 1623 1864 1667; x_wconf 79' lang='lat'>539).</span> 
     </span>
    </p>
   </div>
   <div class='ocr_carea' id='block_1_13' title="bbox 303 1706 1865 1924">
    <p class='ocr_par' dir='ltr' id='par_1_13' title="bbox 303 1706 1865 1924">
     <span class='ocr_line' id='line_1_24' title="bbox 424 1706 1864 1759; baseline 0.001 -13"><span class='ocrx_word' id='word_1_175' title='bbox 424 1706 589 1746; x_wconf 84' lang='lat' dir='ltr'>Oomm.</span> <span class='ocrx_word' id='word_1_176' title='bbox 656 1708 715 1746; x_wconf 91' lang='lat' dir='ltr'>De</span> <span class='ocrx_word' id='word_1_177' title='bbox 753 1709 929 1747; x_wconf 86' lang='lat' dir='ltr'>exercitu</span> <span class='ocrx_word' id='word_1_178' title='bbox 965 1708 1042 1747; x_wconf 90' lang='lat' dir='ltr'>iter</span> <span class='ocrx_word' id='word_1_179' title='bbox 1083 1708 1253 1747; x_wconf 84' lang='lat' dir='ltr'>faciente</span> <span class='ocrx_word' id='word_1_180' title='bbox 1292 1710 1333 1747; x_wconf 87' lang='lat' dir='ltr'>et</span> <span class='ocrx_word' id='word_1_181' title='bbox 1368 1709 1546 1749; x_wconf 90' lang='lat' dir='ltr'>nondum</span> <span class='ocrx_word' id='word_1_182' title='bbox 1582 1709 1633 1747; x_wconf 89' lang='lat' dir='ltr'>ad</span> <span class='ocrx_word' id='word_1_183' title='bbox 1668 1709 1864 1759; x_wconf 90' lang='lat' dir='ltr'>proelium</span> 
     </span>
     <span class='ocr_line' id='line_1_25' title="bbox 303 1766 1863 1819; baseline 0.002 -15"><span class='ocrx_word' id='word_1_184' title='bbox 303 1766 510 1817; x_wconf 89' lang='lat' dir='ltr'>instructo,</span> <span class='ocrx_word' id='word_1_185' title='bbox 537 1767 627 1805; x_wconf 91' lang='lat' dir='ltr'>dein</span> <span class='ocrx_word' id='word_1_186' title='bbox 653 1767 784 1806; x_wconf 88' lang='lat' dir='ltr'>subito</span> <span class='ocrx_word' id='word_1_187' title='bbox 812 1780 998 1818; x_wconf 87' lang='lat' dir='ltr'>oppresso</span> <span class='ocrx_word' id='word_1_188' title='bbox 1025 1768 1091 1819; x_wconf 86' lang='lat' dir='ltr'>agi</span> <span class='ocrx_word' id='word_1_189' title='bbox 1111 1768 1250 1806; x_wconf 88' lang='lat' dir='ltr'>elucet.</span> <span class='ocrx_word' id='word_1_190' title='bbox 1295 1767 1427 1807; x_wconf 85' lang='lat' dir='ltr'>Primo</span> <span class='ocrx_word' id='word_1_191' title='bbox 1454 1769 1590 1806; x_wconf 89' lang='lat' dir='ltr'>autem</span> <span class='ocrx_word' id='word_1_192' title='bbox 1613 1767 1715 1807; x_wconf 91' lang='lat' dir='ltr'>libro</span> <span class='ocrx_word' id='word_1_193' title='bbox 1739 1769 1863 1807; x_wconf 82' lang='lat' dir='ltr'>talem</span> 
     </span>
     <span class='ocr_line' id='line_1_26' title="bbox 303 1827 1865 1879; baseline 0.002 -16"><span class='ocrx_word' id='word_1_194' title='bbox 303 1838 387 1864; x_wconf 89' lang='lat' dir='ltr'>rem</span> <span class='ocrx_word' id='word_1_195' title='bbox 424 1827 685 1865; x_wconf 85' lang='lat' dir='ltr'>memoratam</span> <span class='ocrx_word' id='word_1_196' title='bbox 723 1839 805 1866; x_wconf 89' lang='lat' dir='ltr'>esse</span> <span class='ocrx_word' id='word_1_197' title='bbox 842 1827 1055 1879; x_wconf 89' lang='lat' dir='ltr'>nescimus,</span> <span class='ocrx_word' id='word_1_198' title='bbox 1099 1827 1176 1865; x_wconf 92' lang='lat' dir='ltr'>nisi</span> <span class='ocrx_word' id='word_1_199' title='bbox 1214 1827 1264 1865; x_wconf 85' lang='lat' dir='ltr'>ad</span> <span class='ocrx_word' id='word_1_200' title='bbox 1295 1827 1447 1877; x_wconf 85' lang='lat' dir='ltr'>Aquini</span> <span class='ocrx_word' id='word_1_201' title='bbox 1483 1827 1636 1866; x_wconf 88' lang='lat' dir='ltr'>cladem</span> <span class='ocrx_word' id='word_1_202' title='bbox 1666 1827 1786 1867; x_wconf 85' lang='lat' dir='ltr'>verba</span> <span class='ocrx_word' id='word_1_203' title='bbox 1817 1841 1865 1867; x_wconf 88' lang='lat' dir='ltr'>ea</span> 
     </span>
     <span class='ocr_line' id='line_1_27' title="bbox 303 1885 522 1924; baseline 0.009 -2"><span class='ocrx_word' id='word_1_204' title='bbox 303 1885 522 1924; x_wconf 85' lang='lat' dir='ltr'>referimus.</span> 
     </span>
    </p>
   </div>
   <div class='ocr_carea' id='block_1_14' title="bbox 305 1983 1862 2115">
    <p class='ocr_par' dir='ltr' id='par_1_14' title="bbox 305 1983 1862 2115">
     <span class='ocr_line' id='line_1_28' title="bbox 424 1983 1862 2044; baseline 0.002 -15"><span class='ocrx_word' id='word_1_205' title='bbox 424 1986 531 2032; x_wconf 74' lang='grc'><strong>122.</strong></span> <span class='ocrx_word' id='word_1_206' title='bbox 594 1987 986 2044; x_wconf 85' lang='lat' dir='ltr'>Occupatusque</span> <span class='ocrx_word' id='word_1_207' title='bbox 1026 1989 1177 2031; x_wconf 91' lang='lat' dir='ltr'>collis</span> <span class='ocrx_word' id='word_1_208' title='bbox 1215 1989 1537 2032; x_wconf 88' lang='lat' dir='ltr'>editissimus</span> <span class='ocrx_word' id='word_1_209' title='bbox 1574 1983 1862 2044; x_wconf 70' lang='lat' dir='ltr'>apudller-</span> 
     </span>
     <span class='ocr_line' id='line_1_29' title="bbox 305 2058 1366 2115; baseline 0.002 -15"><span class='ocrx_word' id='word_1_210' title='bbox 305 2058 413 2100; x_wconf 87' lang='lat' dir='ltr'>dam</span> <span class='ocrx_word' id='word_1_211' title='bbox 445 2062 494 2101; x_wconf 91' lang='lat' dir='ltr'>et</span> <span class='ocrx_word' id='word_1_212' title='bbox 527 2074 635 2100; x_wconf 91' lang='lat' dir='ltr'>eum</span> <span class='ocrx_word' id='word_1_213' title='bbox 666 2059 825 2101; x_wconf 87' lang='lat' dir='ltr'>multa</span> <span class='ocrx_word' id='word_1_214' title='bbox 857 2060 1366 2115; x_wconf 16' lang='lat' dir='ltr'>operapcircumdata.</span> 
     </span>
    </p>
   </div>
   <div class='ocr_carea' id='block_1_15' title="bbox 303 2131 586 2137">
    <p class='ocr_par' dir='ltr' id='par_1_15' title="bbox 303 2131 586 2137">
     <span class='ocr_line' id='line_1_30' title="bbox 303 2131 586 2137; baseline 0 0"><span class='ocrx_word' id='word_1_215' title='bbox 303 2131 586 2137; x_wconf 95' lang='lat' dir='ltr'> </span> 
     </span>
    </p>
   </div>
   <div class='ocr_carea' id='block_1_16' title="bbox 302 2163 1863 2353">
    <p class='ocr_par' dir='ltr' id='par_1_16' title="bbox 302 2163 1863 2353">
     <span class='ocr_line' id='line_1_31' title="bbox 421 2163 1863 2210; baseline 0.001 -12"><span class='ocrx_word' id='word_1_216' title='bbox 421 2163 526 2209; x_wconf 89' lang='lat' dir='ltr'>App.</span> <span class='ocrx_word' id='word_1_217' title='bbox 567 2164 596 2209; x_wconf 90' lang='lat' dir='ltr'>(I</span> <span class='ocrx_word' id='word_1_218' title='bbox 618 2168 659 2199; x_wconf 80' lang='lat'>72</span> <span class='ocrx_word' id='word_1_219' title='bbox 671 2164 714 2209; x_wconf 90' lang='lat' dir='ltr'>D,</span> <span class='ocrx_word' id='word_1_220' title='bbox 734 2164 778 2209; x_wconf 90' lang='lat' dir='ltr'>K,</span> <span class='ocrx_word' id='word_1_221' title='bbox 800 2168 867 2200; x_wconf 86' lang='lat'>105</span> <span class='ocrx_word' id='word_1_222' title='bbox 879 2164 921 2209; x_wconf 80' lang='lat' dir='ltr'>G,</span> <span class='ocrx_word' id='word_1_223' title='bbox 943 2165 1006 2210; x_wconf 91' lang='lat' dir='ltr'>Ip.</span> <span class='ocrx_word' id='word_1_224' title='bbox 1022 2169 1088 2200; x_wconf 84' lang='lat'>511</span> <span class='ocrx_word' id='word_1_225' title='bbox 1102 2165 1176 2210; x_wconf 70' lang='grc' dir='ltr'>ΒΥ.)</span> <span class='ocrx_word' id='word_1_226' title='bbox 1195 2186 1241 2190; x_wconf 94' lang='grc'>-</span> <span class='ocrx_word' id='word_1_227' title='bbox 1260 2165 1367 2200; x_wconf 81' lang='lat' dir='ltr'>Arus.</span> <span class='ocrx_word' id='word_1_228' title='bbox 1387 2177 1422 2210; x_wconf 88' lang='lat' dir='ltr'>p.</span> <span class='ocrx_word' id='word_1_229' title='bbox 1443 2169 1523 2200; x_wconf 86' lang='grc'>460.</span> <span class='ocrx_word' id='word_1_230' title='bbox 1538 2164 1774 2201; x_wconf 66' lang='lat' dir='ltr'>—Priscian</span> <span class='ocrx_word' id='word_1_231' title='bbox 1795 2165 1863 2200; x_wconf 91' lang='lat' dir='ltr'>XV</span> 
     </span>
     <span class='ocr_line' id='line_1_32' title="bbox 303 2210 1862 2259; baseline 0.003 -15"><span class='ocrx_word' id='word_1_232' title='bbox 303 2210 367 2255; x_wconf 86' lang='lat' dir='ltr'>(III</span> <span class='ocrx_word' id='word_1_233' title='bbox 390 2223 425 2255; x_wconf 87' lang='lat' dir='ltr'>p.</span> <span class='ocrx_word' id='word_1_234' title='bbox 448 2211 583 2257; x_wconf 69' lang='lat' dir='ltr'>66s67):</span> <span class='ocrx_word' id='word_1_235' title='bbox 612 2212 728 2257; x_wconf 73' lang='lat' dir='ltr'>‘apud</span> <span class='ocrx_word' id='word_1_236' title='bbox 746 2212 922 2247; x_wconf 86' lang='lat' dir='ltr'>Ilerdam&#39;</span> <span class='ocrx_word' id='word_1_237' title='bbox 945 2224 975 2248; x_wconf 88' lang='lat' dir='ltr'>e.</span> <span class='ocrx_word' id='word_1_238' title='bbox 996 2224 1030 2257; x_wconf 87' lang='lat' dir='ltr'>q.</span> <span class='ocrx_word' id='word_1_239' title='bbox 1053 2224 1079 2248; x_wconf 83' lang='lat' dir='ltr'>s.</span> <span class='ocrx_word' id='word_1_240' title='bbox 1101 2215 1112 2256; x_wconf 79' lang='grc' dir='ltr'>ΙΙ</span> <span class='ocrx_word' id='word_1_241' title='bbox 1131 2213 1232 2257; x_wconf 84' lang='lat' dir='ltr'>apud</span> <span class='ocrx_word' id='word_1_242' title='bbox 1257 2212 1434 2259; x_wconf 86' lang='lat' dir='ltr'>Ilerdam]</span> <span class='ocrx_word' id='word_1_243' title='bbox 1459 2224 1525 2248; x_wconf 85' lang='lat' dir='ltr'>om.</span> <span class='ocrx_word' id='word_1_244' title='bbox 1546 2213 1592 2248; x_wconf 89' lang='lat' dir='ltr'><strong><em>N</em></strong></span> <span class='ocrx_word' id='word_1_245' title='bbox 1603 2212 1796 2249; x_wconf 73' lang='lat' dir='ltr'>Arusiani.</span> <span class='ocrx_word' id='word_1_246' title='bbox 1815 2234 1862 2239; x_wconf 95' lang='lat'>—</span> 
     </span>
     <span class='ocr_line' id='line_1_33' title="bbox 303 2259 1858 2306; baseline 0.001 -14"><span class='ocrx_word' id='word_1_247' title='bbox 303 2259 356 2304; x_wconf 90' lang='lat' dir='ltr'>et]</span> <span class='ocrx_word' id='word_1_248' title='bbox 382 2270 447 2293; x_wconf 86' lang='lat' dir='ltr'>om.</span> <span class='ocrx_word' id='word_1_249' title='bbox 469 2259 696 2303; x_wconf 73' lang='lat' dir='ltr'>Priscianus,</span> <span class='ocrx_word' id='word_1_250' title='bbox 725 2260 897 2304; x_wconf 80' lang='lat' dir='ltr'>Gerlach,</span> <span class='ocrx_word' id='word_1_251' title='bbox 924 2261 1051 2303; x_wconf 75' lang='lat' dir='ltr'>Kritz,</span> <span class='ocrx_word' id='word_1_252' title='bbox 1077 2261 1237 2295; x_wconf 75' lang='lat' dir='ltr'>Dietsch.</span> <span class='ocrx_word' id='word_1_253' title='bbox 1264 2281 1311 2285; x_wconf 95' lang='lat'>—</span> <span class='ocrx_word' id='word_1_254' title='bbox 1329 2260 1465 2306; x_wconf 79' lang='lat' dir='ltr'>opera]</span> <span class='ocrx_word' id='word_1_255' title='bbox 1490 2259 1609 2295; x_wconf 91' lang='lat' dir='ltr'>multo</span> <span class='ocrx_word' id='word_1_256' title='bbox 1635 2271 1745 2306; x_wconf 89' lang='lat' dir='ltr'>opere</span> <span class='ocrx_word' id='word_1_257' title='bbox 1769 2261 1858 2296; x_wconf 69' lang='lat' dir='ltr'>coni.</span> 
     </span>
     <span class='ocr_line' id='line_1_34' title="bbox 302 2305 1722 2353; baseline 0.002 -13"><span class='ocrx_word' id='word_1_258' title='bbox 302 2305 461 2340; x_wconf 79' lang='lat' dir='ltr'>Dietsch.</span> <span class='ocrx_word' id='word_1_259' title='bbox 487 2326 534 2330; x_wconf 95' lang='lat'>——</span> <span class='ocrx_word' id='word_1_260' title='bbox 559 2305 806 2353; x_wconf 89' lang='lat' dir='ltr'>circumdata]</span> <span class='ocrx_word' id='word_1_261' title='bbox 833 2307 1041 2342; x_wconf 84' lang='lat' dir='ltr'>circumdat</span> <span class='ocrx_word' id='word_1_262' title='bbox 1065 2319 1110 2343; x_wconf 78' lang='lat' dir='ltr'>ex</span> <span class='ocrx_word' id='word_1_263' title='bbox 1135 2308 1390 2343; x_wconf 60' lang='lat' dir='ltr'>Lindemanno</span> <span class='ocrx_word' id='word_1_264' title='bbox 1417 2307 1537 2351; x_wconf 73' lang='lat' dir='ltr'>Kritz,</span> <span class='ocrx_word' id='word_1_265' title='bbox 1562 2308 1722 2343; x_wconf 73' lang='lat' dir='ltr'>Dietseh.</span> 
     </span>
    </p>
   </div>
   <div class='ocr_carea' id='block_1_17' title="bbox 302 2401 1861 2516">
    <p class='ocr_par' dir='ltr' id='par_1_17' title="bbox 302 2401 1861 2516">
     <span class='ocr_line' id='line_1_35' title="bbox 423 2401 1861 2458; baseline 0.001 -14"><span class='ocrx_word' id='word_1_266' title='bbox 423 2401 563 2446; x_wconf 71' lang='lat'>123*.</span> <span class='ocrx_word' id='word_1_267' title='bbox 624 2403 823 2446; x_wconf 89' lang='lat' dir='ltr'>Probus</span> <span class='ocrx_word' id='word_1_268' title='bbox 859 2418 901 2458; x_wconf 91' lang='lat' dir='ltr'>p.</span> <span class='ocrx_word' id='word_1_269' title='bbox 934 2405 1008 2446; x_wconf 80' lang='lat'>20:</span> <span class='ocrx_word' id='word_1_270' title='bbox 1045 2403 1258 2455; x_wconf 64' lang='lat' dir='ltr'>‘Hem-bis,</span> <span class='ocrx_word' id='word_1_271' title='bbox 1298 2403 1426 2445; x_wconf 86' lang='lat' dir='ltr'>huius</span> <span class='ocrx_word' id='word_1_272' title='bbox 1462 2402 1668 2458; x_wconf 88' lang='lat' dir='ltr'>Ucurbis‚</span> <span class='ocrx_word' id='word_1_273' title='bbox 1703 2418 1861 2446; x_wconf 89' lang='lat' dir='ltr'>nomen</span> 
     </span>
     <span class='ocr_line' id='line_1_36' title="bbox 302 2473 1016 2516; baseline -0.001 0"><span class='ocrx_word' id='word_1_274' title='bbox 302 2473 488 2516; x_wconf 87' lang='lat' dir='ltr'>civitatis</span> <span class='ocrx_word' id='word_1_275' title='bbox 519 2473 677 2515; x_wconf 88' lang='lat' dir='ltr'>lectum</span> <span class='ocrx_word' id='word_1_276' title='bbox 708 2474 754 2516; x_wconf 89' lang='lat' dir='ltr'>in</span> <span class='ocrx_word' id='word_1_277' title='bbox 785 2473 1016 2516; x_wconf 66' lang='lat' dir='ltr'>Sallustio.9</span> 
     </span>
    </p>
   </div>
   <div class='ocr_carea' id='block_1_18' title="bbox 302 2548 421 2551">
    <p class='ocr_par' dir='ltr' id='par_1_18' title="bbox 302 2548 421 2551">
     <span class='ocr_line' id='line_1_37' title="bbox 302 2548 421 2551; baseline 0 0"><span class='ocrx_word' id='word_1_278' title='bbox 302 2548 421 2551; x_wconf 95' lang='lat' dir='ltr'> </span> 
     </span>
    </p>
   </div>
   <div class='ocr_carea' id='block_1_19' title="bbox 423 2547 584 2552">
    <p class='ocr_par' dir='ltr' id='par_1_19' title="bbox 423 2547 584 2552">
     <span class='ocr_line' id='line_1_38' title="bbox 423 2547 584 2552; baseline 0 0"><span class='ocrx_word' id='word_1_279' title='bbox 423 2547 584 2552; x_wconf 95' lang='lat' dir='ltr'> </span> 
     </span>
    </p>
   </div>
   <div class='ocr_carea' id='block_1_20' title="bbox 419 2578 1375 2625">
    <p class='ocr_par' dir='ltr' id='par_1_20' title="bbox 419 2578 1375 2625">
     <span class='ocr_line' id='line_1_39' title="bbox 419 2578 1375 2625; baseline 0.001 -11"><span class='ocrx_word' id='word_1_280' title='bbox 419 2579 525 2624; x_wconf 88' lang='lat' dir='ltr'>App.</span> <span class='ocrx_word' id='word_1_281' title='bbox 576 2578 662 2624; x_wconf 91' lang='lat' dir='ltr'>(Inc.</span> <span class='ocrx_word' id='word_1_282' title='bbox 690 2583 710 2613; x_wconf 90' lang='grc'><strong>6</strong></span> <span class='ocrx_word' id='word_1_283' title='bbox 724 2579 767 2624; x_wconf 93' lang='lat' dir='ltr'>D,</span> <span class='ocrx_word' id='word_1_284' title='bbox 794 2578 810 2613; x_wconf 95' lang='lat' dir='ltr'>I</span> <span class='ocrx_word' id='word_1_285' title='bbox 828 2583 873 2614; x_wconf 86' lang='lat'>43</span> <span class='ocrx_word' id='word_1_286' title='bbox 887 2578 931 2624; x_wconf 88' lang='lat' dir='ltr'>K,</span> <span class='ocrx_word' id='word_1_287' title='bbox 958 2579 974 2613; x_wconf 91' lang='grc' dir='ltr'>Ι</span> <span class='ocrx_word' id='word_1_288' title='bbox 994 2581 1038 2614; x_wconf 78' lang='lat'>28</span> <span class='ocrx_word' id='word_1_289' title='bbox 1054 2579 1095 2624; x_wconf 80' lang='lat' dir='ltr'>G,</span> <span class='ocrx_word' id='word_1_290' title='bbox 1122 2579 1139 2614; x_wconf 95' lang='grc' dir='ltr'>Ι</span> <span class='ocrx_word' id='word_1_291' title='bbox 1162 2591 1197 2625; x_wconf 92' lang='lat' dir='ltr'>p.</span> <span class='ocrx_word' id='word_1_292' title='bbox 1218 2584 1285 2615; x_wconf 88' lang='lat'>331</span> <span class='ocrx_word' id='word_1_293' title='bbox 1300 2579 1375 2625; x_wconf 89' lang='lat' dir='ltr'>Br.)</span> 
     </span>
    </p>
   </div>
   <div class='ocr_carea' id='block_1_21' title="bbox 301 2666 1858 2958">
    <p class='ocr_par' dir='ltr' id='par_1_21' title="bbox 301 2666 1858 2958">
     <span class='ocr_line' id='line_1_40' title="bbox 421 2666 1856 2717; baseline -0.001 -10"><span class='ocrx_word' id='word_1_294' title='bbox 421 2667 585 2707; x_wconf 82' lang='lat' dir='ltr'>Oomm.</span> <span class='ocrx_word' id='word_1_295' title='bbox 654 2666 754 2706; x_wconf 85' lang='lat' dir='ltr'>Cum</span> <span class='ocrx_word' id='word_1_296' title='bbox 789 2669 880 2717; x_wconf 91' lang='lat' dir='ltr'>post</span> <span class='ocrx_word' id='word_1_297' title='bbox 918 2679 1067 2706; x_wconf 85' lang='lat' dir='ltr'>annum</span> <span class='ocrx_word' id='word_1_298' title='bbox 1094 2669 1146 2706; x_wconf 88' lang='lat'>76</span> <span class='ocrx_word' id='word_1_299' title='bbox 1186 2667 1385 2706; x_wconf 86' lang='lat' dir='ltr'>Hirtuleio</span> <span class='ocrx_word' id='word_1_300' title='bbox 1422 2667 1586 2706; x_wconf 87' lang='lat' dir='ltr'>Italicae</span> <span class='ocrx_word' id='word_1_301' title='bbox 1625 2666 1780 2708; x_wconf 86' lang='lat' dir='ltr'>devicto</span> <span class='ocrx_word' id='word_1_302' title='bbox 1817 2666 1856 2706; x_wconf 89' lang='lat' dir='ltr'>in</span> 
     </span>
     <span class='ocr_line' id='line_1_41' title="bbox 301 2726 1857 2778; baseline 0 -13"><span class='ocrx_word' id='word_1_303' title='bbox 301 2727 490 2766; x_wconf 89' lang='lat' dir='ltr'>ulteriore</span> <span class='ocrx_word' id='word_1_304' title='bbox 521 2726 726 2777; x_wconf 84' lang='lat' dir='ltr'>provincia</span> <span class='ocrx_word' id='word_1_305' title='bbox 757 2739 836 2765; x_wconf 91' lang='lat' dir='ltr'>non</span> <span class='ocrx_word' id='word_1_306' title='bbox 867 2726 948 2764; x_wconf 91' lang='lat' dir='ltr'>iam</span> <span class='ocrx_word' id='word_1_307' title='bbox 978 2728 1203 2777; x_wconf 85' lang='lat' dir='ltr'>pugnatum</span> <span class='ocrx_word' id='word_1_308' title='bbox 1229 2727 1292 2778; x_wconf 88' lang='lat' dir='ltr'>sit,</span> <span class='ocrx_word' id='word_1_309' title='bbox 1323 2726 1407 2766; x_wconf 87' lang='lat' dir='ltr'>veri</span> <span class='ocrx_word' id='word_1_310' title='bbox 1437 2726 1598 2766; x_wconf 82' lang='lat' dir='ltr'>videtur</span> <span class='ocrx_word' id='word_1_311' title='bbox 1621 2726 1749 2765; x_wconf 85' lang='lat' dir='ltr'>simile</span> <span class='ocrx_word' id='word_1_312' title='bbox 1775 2738 1857 2766; x_wconf 86' lang='lat' dir='ltr'>esse</span> 
     </span>
     <span class='ocr_line' id='line_1_42' title="bbox 301 2784 1858 2837; baseline -0.001 -13"><span class='ocrx_word' id='word_1_313' title='bbox 301 2786 469 2825; x_wconf 89' lang='lat' dir='ltr'>Ucurbis</span> <span class='ocrx_word' id='word_1_314' title='bbox 500 2786 610 2824; x_wconf 87' lang='lat' dir='ltr'>urbis</span> <span class='ocrx_word' id='word_1_315' title='bbox 641 2799 762 2836; x_wconf 91' lang='lat' dir='ltr'>prope</span> <span class='ocrx_word' id='word_1_316' title='bbox 795 2784 1019 2837; x_wconf 68' lang='lat' dir='ltr'>Cordubam</span> <span class='ocrx_word' id='word_1_317' title='bbox 1065 2786 1164 2824; x_wconf 89' lang='lat' dir='ltr'>sitae</span> <span class='ocrx_word' id='word_1_318' title='bbox 1196 2786 1237 2824; x_wconf 91' lang='lat' dir='ltr'>in</span> <span class='ocrx_word' id='word_1_319' title='bbox 1268 2786 1420 2824; x_wconf 85' lang='lat' dir='ltr'>Metelli</span> <span class='ocrx_word' id='word_1_320' title='bbox 1450 2785 1704 2835; x_wconf 80' lang='lat' dir='ltr'>Hirtuleique</span> <span class='ocrx_word' id='word_1_321' title='bbox 1740 2786 1858 2824; x_wconf 86' lang='lat' dir='ltr'>rebus</span> 
     </span>
     <span class='ocr_line' id='line_1_43' title="bbox 302 2839 1857 2895; baseline 0.001 -12"><span class='ocrx_word' id='word_1_322' title='bbox 302 2845 530 2884; x_wconf 88' lang='lat' dir='ltr'>enarrandis</span> <span class='ocrx_word' id='word_1_323' title='bbox 556 2842 706 2884; x_wconf 81' lang='lat' dir='ltr'>factam</span> <span class='ocrx_word' id='word_1_324' title='bbox 730 2857 813 2884; x_wconf 87' lang='lat' dir='ltr'>esse</span> <span class='ocrx_word' id='word_1_325' title='bbox 834 2845 1087 2884; x_wconf 85' lang='lat' dir='ltr'>mentionem.</span> <span class='ocrx_word' id='word_1_326' title='bbox 1137 2845 1321 2884; x_wconf 84' lang='lat' dir='ltr'>Ceterum</span> <span class='ocrx_word' id='word_1_327' title='bbox 1346 2839 1517 2884; x_wconf 85' lang='lat' dir='ltr'>nominis</span> <span class='ocrx_word' id='word_1_328' title='bbox 1542 2845 1712 2883; x_wconf 80' lang='lat' dir='ltr'>formam</span> <span class='ocrx_word' id='word_1_329' title='bbox 1735 2845 1857 2895; x_wconf 85' lang='lat' dir='ltr'>paulo</span> 
     </span>
     <span class='ocr_line' id='line_1_44' title="bbox 303 2899 1490 2958; baseline 0.001 -16"><span class='ocrx_word' id='word_1_330' title='bbox 303 2905 423 2943; x_wconf 87' lang='lat' dir='ltr'>aliam</span> <span class='ocrx_word' id='word_1_331' title='bbox 457 2899 645 2958; x_wconf 70' lang='lat' dir='ltr'>(Ucubis)</span> <span class='ocrx_word' id='word_1_332' title='bbox 670 2904 863 2942; x_wconf 82' lang='lat' dir='ltr'>exhibent</span> <span class='ocrx_word' id='word_1_333' title='bbox 893 2903 1045 2943; x_wconf 85' lang='lat' dir='ltr'>codices</span> <span class='ocrx_word' id='word_1_334' title='bbox 1075 2904 1171 2942; x_wconf 91' lang='lat' dir='ltr'>belli</span> <span class='ocrx_word' id='word_1_335' title='bbox 1201 2905 1366 2958; x_wconf 81' lang='lat' dir='ltr'>Hispan.</span> <span class='ocrx_word' id='word_1_336' title='bbox 1393 2917 1424 2943; x_wconf 91' lang='lat' dir='ltr'>c.</span> <span class='ocrx_word' id='word_1_337' title='bbox 1454 2907 1490 2948; x_wconf 81' lang='lat'>7.</span> 
     </span>
    </p>
   </div>
  </div>
 </body>
</html>
