1976 3190
772 137 1000 183 Fragmenta
1020 141 1172 174 63-70,
1707 137 1761 178 87

50 219 122 278 33³5
159 244 278 292 lm.
295 248 309 294 Ι
326 247 451 284 avidis
476 246 533 283 ita
559 244 918 329 atquegjavidisque
947 244 1003 298 ita
1028 246 1128 281 codd.
1155 257 1184 282 c.
1205 248 1240 289 4,
1265 244 1496 280 avidissimis
1522 246 1637 299 atque
1661 245 1763 280 codd.

40 313 77 322 2
143 294 594 389 'itiaeb‘ssg'tgc‘hflgrvlfficiz'
610 294 812 378 {Rufii}
828 294 1190 386 gtrgssptffqffigm
1211 293 1343 330 Guieto
1365 293 1486 338 Kritz,
1506 292 1629 329 amns
1650 293 1764 337 atque

276 463 278 467 ,
310 420 478 461 Oomm.
533 419 822 472 Fragmentum
845 417 1022 469 pertinet
1053 417 1104 456 ad
1131 417 1239 456 Plut.
1265 431 1296 456 c.
1326 419 1399 457 21:
1431 415 1452 457 ὁ
1485 415 1527 458 δὲ
1553 412 1656 471 (soil.
1682 417 1764 456 Me-

190 475 334 536 tellus)
386 475 481 534 πὰρ’
533 476 690 531 ἡλικίαν
745 475 921 525 ὑποστὰς
970 475 1037 517 καὶ
1085 482 1362 529 περιφανῶς
1410 475 1764 530 ἀγωνιζόμενος

189 540 382 582 παίεται
412 538 589 592 δόρατι.

311 631 423 677 68*.
485 630 581 675 Sed
610 628 854 674 Metellus
885 628 938 671 in
968 628 1191 671 volnere.

307 726 415 773 App.
461 725 508 771 (Π
527 729 573 760 20
585 725 630 770 D,
651 727 696 759 26
710 724 754 769 Κ,
776 726 820 758 70
834 723 877 768 G,
903 723 920 758 I
938 735 974 768 p.
997 726 1066 758 608
1079 722 1154 768 Br.)
1175 744 1219 748 —
1246 722 1382 758 Donat.
1410 723 1459 757 ad
1479 722 1626 758 Terent.
1648 722 1762 758 Andr.

187 774 224 811 11
243 778 277 820 1,
297 778 352 810 10.
373 773 444 821 nin
468 773 637 820 volnere]
665 771 706 807 in
730 770 885 807 vulnere
915 771 1024 818 vulyo
1054 771 1096 806 in
1121 771 1290 815 Donato,
1320 769 1464 816 inulpie
1494 770 1570 806 OD
1599 771 1765 815 (fortasse

187 821 305 870 impie
329 833 402 858 esse
425 825 624 859 correctum
647 821 690 856 in
718 820 749 856 O
771 820 919 865 scripsit
942 820 1034 855 ‘mihi
1057 818 1262 864 Dziatzko).

308 918 388 964 69.
448 917 585 961 Haeo
621 919 896 974 postquam
933 915 1095 959 Varro
1134 915 1186 958 in
1224 915 1388 958 maius
1426 930 1565 958 more
1602 930 1765 958 rumo-

186 1005 298 1034 rum
328 988 540 1032 audivit.

232 1133 241 1142 .
283 1083 392 1131 App.
443 1082 491 1129 (Π
511 1085 556 1118 70
568 1082 613 1128 D,
640 1085 685 1118 88
699 1081 744 1128 Κ,
770 1085 815 1117 42
831 1080 888 1128 G.)
916 1102 959 1107 ——
986 1081 1094 1117 Arus.
1114 1093 1150 1127 p.
1171 1083 1252 1117 488.
1272 1082 1284 1128 ΙΙ
1302 1081 1422 1128 more]
1448 1080 1488 1115 in
1513 1092 1576 1116 ore
1597 1081 1648 1126 N,
1673 1093 1764 1118 corr.

399 1143 436 1168 n.

308 1208 474 1250 Comm.
537 1207 589 1246 M.
617 1207 828 1246 Terentius
853 1206 982 1246 Varro
1016 1218 1192 1257 quonam
1223 1206 1341 1245 modo
1368 1205 1410 1243 in
1441 1219 1483 1244 re
1508 1206 1654 1246 bellica
1679 1206 1766 1245 Sal-

183 1269 304 1311 lustii
345 1268 607 1308 historiarum
650 1267 752 1306 libro
797 1267 970 1306 secundo
1014 1267 1179 1305 narrata
1229 1266 1531 1305 commemorari
1574 1266 1766 1318 potuerit,

188 1329 416 1383 quaeritur:
446 1340 589 1378 nempe
621 1327 668 1366 de
699 1326 844 1366 bellico
871 1326 1047 1377 quodam
1073 1326 1221 1365 eventu
1246 1325 1315 1377 agi
1340 1328 1518 1375 apparet.
1550 1348 1601 1353 —
1630 1326 1767 1376 Atque

186 1390 411 1431 Varronem
434 1401 507 1439 pro
533 1388 745 1438 quaestore
770 1386 953 1437 Pompeii
979 1385 1183 1437 quondam
1207 1385 1330 1424 fuisse
1355 1386 1530 1424 nummis
1556 1385 1769 1426 edocemur

187 1443 258 1506 (ef.
276 1449 458 1489 Babelon
487 1447 701 1487 Monnaies
726 1446 773 1486 de
798 1447 839 1485 la
862 1446 1089 1495 republique
1112 1446 1305 1484 Romaim
1329 1445 1387 1483 II
1406 1457 1449 1494 Ρ.
1470 1447 1565 1491 343,
1590 1459 1633 1494 p.
1656 1440 1791 1500 485),-

187 1521 313 1562 quam
348 1521 434 1548 rem
469 1507 765 1547 Mommsenum
801 1508 962 1546 secutus
993 1505 1145 1544 Babelo
1185 1518 1288 1544 anno
1321 1506 1376 1544 49
1410 1505 1577 1557 factam,
1615 1506 1768 1545 Eckhel

187 1568 513 1622 Borghesiusque
538 1580 643 1606 anno
671 1568 725 1606 67
752 1566 939 1617 belloque
963 1566 1167 1605 maritimo
1193 1564 1509 1617 constituerunt3
1540 1567 1767 1616 praetorem

126 1676 137 1683 „
187 1630 328 1671 autem
355 1628 480 1668 fuisse
505 1640 587 1667 non
618 1627 712 1666 ante
738 1639 889 1666 annum
918 1628 970 1665 76
1004 1625 1089 1665 veri
1115 1625 1244 1675 simile
1276 1626 1347 1664 est.
1403 1625 1567 1664 Minime
1593 1639 1686 1665 vero
1716 1625 1767 1665 ad

188 1701 340 1732 annum
371 1700 398 1728 a
425 1688 672 1727 Mommseno
704 1685 958 1737 propositum
988 1684 1124 1737 imago
1148 1684 1343 1724 Varronis
1374 1685 1550 1724 nummis
1582 1699 1767 1736 expressa

188 1748 388 1802 quadrare
418 1747 590 1799 videtur,
629 1759 711 1798 qua
742 1746 1014 1798 quadraginta
1045 1758 1244 1785 annorum
1273 1745 1353 1796 vir,
1390 1758 1471 1785 non
1502 1747 1767 1798 septuagena-

185 1809 272 1850 rius
301 1808 385 1848 fere
415 1807 658 1859 ostenditur,
694 1819 824 1857 neque
855 1819 928 1857 pro
960 1806 1172 1856 quaestore
1200 1804 1416 1855 Pompeius
1446 1805 1528 1844 fuit
1558 1807 1632 1844 aut
1661 1805 1767 1845 bello

187 1867 299 1923 civili
329 1869 404 1908 aut
431 1867 476 1906 in
506 1866 758 1918 expeditione
789 1865 973 1917 piratica.
1030 1865 1180 1906 Contra
1212 1878 1304 1904 cum
1329 1878 1434 1904 anno
1464 1866 1516 1905 76
1546 1866 1612 1905 vel
1639 1867 1692 1904 75
1726 1866 1768 1905 in

185 1929 294 1970 bello
331 1927 470 1979 aliquo
507 1928 644 1978 partes
681 1926 809 1979 egisse
841 1925 1064 1966 Varronem
1101 1939 1122 1964 e
1153 1925 1380 1977 fragmento
1411 1925 1486 1964 hoc
1519 1925 1767 1965 Sallustiano

189 1989 461 2040 consequatur
489 1987 712 2037 iisdemque
745 1986 860 2025 annis
879 1986 1096 2036 Pompeius
1122 1985 1165 2024 in
1183 1985 1383 2035 Hispania
1406 1984 1631 2037 bellaverit,
1662 1985 1767 2025 bello

190 2048 422 2090 Sertoriano
445 2047 670 2087 Varronem
700 2046 931 2086 interfuisse
962 2059 1034 2096 pro
1068 2046 1279 2096 quaestore
1305 2045 1488 2095 hancque
1515 2045 1566 2083 ad
1592 2046 1768 2084 aetatem

189 2110 371 2161 spectare
401 2107 687 2159 fragmentum,
718 2106 760 2145 id
791 2106 900 2157 quod
931 2105 1130 2145 divinavit
1159 2104 1452 2156 quodammodo
1484 2105 1567 2144 iam
1591 2105 1768 2158 Dietsch,

189 2169 275 2210 veri
305 2167 556 2208 simillimum
586 2178 671 2206 esse
701 2165 800 2205 mihi
832 2165 995 2216 quidem
1025 2165 1197 2205 videtur.
1259 2164 1437 2216 Accedit,
1477 2165 1586 2215 quod
1615 2165 1767 2216 proelio

191 2227 418 2282 Saguntino
443 2226 668 2278 Memmius,
699 2226 882 2277 Pompeii
908 2227 1108 2277 quaestor,
1141 2225 1294 2265 occisus
1319 2226 1391 2276 est,
1423 2225 1539 2264 cuius
1567 2225 1610 2264 in
1635 2226 1768 2265 locum

189 2289 415 2329 Varronem
455 2286 688 2326 successisse
729 2285 971 2337 putaverim.
1040 2285 1170 2332 Quare
1209 2285 1265 2324 sic
1303 2284 1504 2336 existimo,
1546 2285 1769 2325 Varronem

189 2347 316 2389 fuisse
333 2347 517 2398 Pompeii
547 2346 740 2398 legatum,
772 2345 914 2385 deinde
944 2345 1104 2385 mortuo
1124 2344 1312 2384 Memmio
1339 2346 1559 2396 quaestura
1583 2345 1769 2384 functum

190 2420 294 2462 esse,
323 2406 628 2458 insequentibus
648 2406 771 2445 etiam
797 2405 912 2445 annis
936 2418 1036 2444 num
1059 2418 1132 2456 pro
1160 2406 1371 2456 quaestore
1397 2405 1533 2457 fuerit,
1559 2405 1768 2456 incertum,

191 2480 286 2510 sane
316 2481 401 2508 rem
427 2479 453 2507 a
478 2466 672 2506 Sallustio
703 2465 779 2505 hoc
803 2466 1030 2517 fragmento
1063 2465 1236 2504 relatam
1267 2466 1361 2504 ante
1394 2478 1545 2504 annum
1574 2467 1627 2504 74
1660 2466 1768 2515 post-

192 2541 271 2580 que
301 2527 501 2580 proelium
533 2525 806 2578 Saguntinum
843 2525 1045 2566 accidisse.
1106 2525 1201 2564 Ideo
1238 2524 1346 2564 hunc
1375 2525 1603 2576 fragmento
1636 2525 1769 2564 locum

191 2587 479 2642 assignandum
508 2586 663 2638 putavi.

305 2690 391 2737 370.
452 2689 519 2734 At
560 2689 806 2733 Metellus
854 2688 906 2743 in
955 2689 1258 2732 ulteriorem
1300 2687 1606 2744 Hispaniam
1650 2690 1807 2743 post1

193 2779 376 2809 annum
413 2777 686 2820 regressus
729 2776 910 2819 magna
953 2761 1124 2820 gloria
1165 2759 1583 2804 concurrentium
1626 2760 1770 2802 undi-

194 2850 308 2893 que,
338 2834 492 2878 virile
518 2836 567 2876 et
591 2833 844 2876 muliebre
870 2848 1034 2891 secus,
1066 2833 1287 2876 omnium
1316 2831 1593 2874 visebatur.
1643 2831 1768 2875 Eum
1789 2845 1809 2877 2

194 2910 436 2966 quaestor
468 2905 512 2950 G.
537 2905 769 2950 Urbinus
799 2905 995 2962 aliique
1027 2905 1238 2963 cognita
1268 2903 1539 2947 voluntate
1571 2918 1679 2946 cum
1710 2905 1770 2947 ad
