1976 3190
550 162 751 200 Enarratio
776 165 928 200 68-83.
956 183 1000 190 --
1026 163 1254 210 Fragmenta
1280 167 1336 201 54.
1363 168 1419 201 55.
1708 164 1766 207 23

148 270 393 334 *aaa
427 273 476 316 in
511 272 762 318 Sardiniam
803 274 1036 327 confugeret
1077 269 1156 330 (fr.
1183 271 1278 330 83),
1321 276 1371 316 ut
1407 273 1617 330 impedito
1655 289 1765 317 com·
1780 275 1836 319 83

124 356 155 405 ss'}
163 341 341 405 jhu-tu
371 343 586 401 populum
609 343 853 387 Romanum
883 339 1126 400 fatigaret
1114 344 1263 399 mopia
1293 359 1342 387 ac
1373 359 1472 388 suas
1497 345 1610 388 vires
1634 345 1766 388 armis

95 430 137 486 4
172 413 420 477 ,ffipiisque
450 418 495 459 et
526 415 643 459 omni
673 413 960 458 instrumento
991 414 1211 458 reficeret’.

836 576 1120 621 Fragmenta.

108 708 117 718 .-
190 712 222 720 ..
313 651 392 699 54.
452 653 524 696 De
554 643 997 710 praefectcPurbis
1029 652 1175 709 quasi
1206 653 1534 709 possessione
1570 654 1643 696 rei
1675 670 1765 710 pu-

190 719 362 917 }licae
393 739 575 783 magna
605 724 864 781 utrimque
895 724 944 767 vi
975 724 1402 768 contendebatur.

310 829 377 877 Ap
266 841 443 915 comp}
463 830 495 877 (1
512 830 617 876 40D,
644 834 690 866 90
703 830 748 876 Κ,
774 833 818 866 37
834 829 892 877 G.)
912 852 956 857 —
977 830 1084 867 Arus.
1104 843 1140 876 p.
1161 834 1242 867 499.
1262 832 1274 876 ΙΙ
1298 830 1550 878 possessione]
1577 832 1764 877 possessio

427 879 548 924 ietsch,
570 889 786 925 possessore
811 879 905 915 coni.
932 879 1178 915 Lindemann.

309 953 476 995 Comm.
538 955 770 995 Praefectus
801 955 914 994 urbis
944 955 1138 995 feriarum
1162 955 1400 994 Latinarum
1431 957 1611 1006 tempore
1637 956 1764 995 creari

182 1000 603 1066 1ὤῙΒῙηιίῑς(30111-,1111110
633 1015 762 1067 igitur
792 1015 1015 1097 consulum,
1054 1028 1177 1065 quam
1207 1016 1346 1054 narrat
1378 1014 1607 1067 Sallustius,
1645 1015 1762 1055 initio

0 1089 4 1105 ·
81 1083 133 1139 ’Ἲς
183 1070 328 1117 ΜΠ
357 1073 456 1114 anni
484 1074 596 1114 facta
626 1076 696 1114 est.

0 1195 2 1220 ε
72 1152 118 1217 f}
173 1186 228 1241 Υ
305 1175 385 1223 55.
434 1176 615 1222 Oratio
640 1177 827 1234 Lepidi
860 1177 1091 1221 consulis
1115 1177 1176 1220 ad
1201 1178 1447 1234 populum
1472 1178 1761 1223 Romanum.

305 1245 545 1293 clementia
577 1251 620 1292 et
651 1249 851 1305 probitas
882 1252 1037 1305 vestra,
1070 1248 1270 1306 Quirites,
1303 1249 1463 1305 quibus
1495 1265 1574 1306 per
1599 1253 1762 1294 ceteras
1784 1265 1801 1295 1

65 1295 72 1338 ἶ
175 1295 329 1381 ψῃίῑίε
353 1319 532 1363 maximi
560 1322 604 1364 et
636 1320 739 1364 clari
766 1320 882 1377 estis,
914 1320 1150 1377 plurimum
1174 1320 1344 1364 timoris
1369 1321 1475 1364 mihi
1502 1321 1668 1364 faciunt
1694 1323 1762 1365 ad—

183 1404 357 1439 versum
387 1391 661 1449 tyrannidem
691 1391 738 1434 L.
764 1391 921 1449 Sullae,
942 1407 1006 1435 ne
1038 1407 1147 1448 quae
1178 1392 1265 1448 ipsi
1296 1392 1481 1435 nefanda
1511 1392 1763 1451 aestimatis,

182 1477 236 1522 ea
277 1478 435 1520 parum
483 1463 694 1506 credendo
744 1463 796 1506 de
839 1463 936 1507 aliis
980 1463 1374 1507 circumveniamini
1415 1489 1465 1495 —
1506 1429 1763 1520 praesertini

182 1549 283 1579 oum
311 1533 379 1578 illi
407 1549 508 1592 spes
533 1534 674 1578 omnis
698 1534 744 1578 in
770 1535 929 1578 scelere
955 1538 1085 1592 atque
1111 1535 1293 1592 perfidia
1318 1535 1375 1578 sit
1399 1551 1539 1592 neque
1565 1551 1609 1579 se
1636 1536 1762 1579 aliter

182 1608 330 1653 tutum
371 1609 518 1664 putet,
560 1621 690 1663 quam
726 1606 763 1650 si
799 1607 921 1663 peior
956 1609 1086 1664 atque
1127 1606 1420 1650 intestabilior
1459 1610 1578 1650 metu
1617 1610 1760 1651 vestro

182 1677 334 1738 fuerit,
372 1693 458 1735 quo
497 1677 637 1735 captis
672 1678 891 1722 libertatis
929 1693 1075 1722 curam
1112 1678 1285 1722 miseria
1322 1678 1484 1721 eximat
1526 1705 1575 1710 ——
1611 1682 1687 1722 aut
1723 1679 1759 1723 si

179 1748 472 1810 provideritis,
501 1749 549 1793 in
578 1749 772 1793 tutandis
802 1749 1007 1806 periculis
1037 1750 1177 1808 magis
1210 1765 1340 1807 quam
1371 1750 1614 1794 ulciscendo
1646 1754 1760 1794 tene-

180 1819 327 1875 amini.
370 1819 590 1865 Satellites
615 1821 788 1878 quidem
814 1821 918 1878 eius,
942 1821 1140 1864 homines
1165 1821 1343 1864 maximi
1367 1822 1556 1865 nominis
1582 1823 1761 1879 optimis
1781 1837 1801 1868 2

181 1891 395 1946 maiorum
420 1893 644 1950 exemplis,
669 1908 836 1950 nequeo
863 1892 970 1936 satis
994 1893 1154 1951 mirari,
1180 1893 1254 1950 qui
1281 1893 1587 1938 dominationis
1613 1895 1658 1938 in
1683 1910 1760 1938 vos

180 1962 407 2010 servitium
435 1979 562 2008 suum
591 1965 832 2008 mercedem
863 1965 967 2008 dant
999 1967 1042 2008 et
1074 1968 1306 2022 utrumque
1337 1980 1416 2021 per
1447 1966 1648 2009 iniuriam
1674 1982 1758 2009 ma-

121 2098 128 2103 ·
179 2034 291 2094 lunt,
321 2050 452 2101 quam
476 2036 644 2093 optimo
670 2037 763 2080 iure
794 2036 922 2080 liberi
951 2052 1091 2095 agere,
1123 2037 1343 2093 praeclara
1367 2037 1603 2081 Brutorum
1628 2040 1758 2094 atque
1778 2054 1798 2084 3

180 2105 468 2155 Aemiliorum
498 2111 542 2152 et
573 2108 848 2152 Lutatiorum
879 2108 1042 2166 proles,
1078 2108 1216 2167 geniti
1249 2109 1303 2151 ad
1334 2124 1395 2166 ea,
1434 2124 1542 2165 quae
1574 2109 1759 2153 maiores

39 2202 60 2217 ·
179 2178 343 2247 virtute
367 2194 587 2236 peperere,
618 2180 918 2223 subvertenda.
979 2180 1093 2224 Nam
1126 2181 1230 2237 quid
1261 2196 1287 2223 a
1310 2180 1480 2237 Pyrrho
1511 2181 1757 2224 Hannibale
1778 2195 1799 2226 4

97 2272 109 2303 g
178 2247 474 2308 Philippoque
511 2254 556 2295 et
584 2250 802 2296 Antiocho
835 2252 1058 2296 defensum
1090 2255 1157 2295 est
1187 2252 1304 2296 aliud
1336 2267 1466 2309 quam
1501 2252 1683 2296 libertas
1715 2256 1758 2296 et

298 2380 604 2418 Testimonia.
630 2386 664 2418 4.
684 2381 821 2418 Donat.
843 2382 903 2418 ad.
924 2382 1007 2418 Ter.
1033 2381 1182 2418 Phorm
1203 2382 1238 2417 H
1257 2385 1290 2428 1,
1306 2386 1350 2418 13
1378 2383 1489 2428 (deest
1514 2384 1556 2419 in
1585 2383 1650 2428 O).
1676 2383 1756 2419 Sal-

36 2411 57 2480 ,
102 2403 110 2410 Ἴ.
179 2427 318 2466 Iustius
344 2428 460 2466 ‘Nam
485 2429 578 2476 quid
603 2440 627 2466 a
650 2429 807 2476 Pyrrho,
832 2429 1060 2476 Hannibale,
1086 2441 1249 2476 aequore
1275 2432 1314 2466 et
1339 2431 1468 2467 terra!

297 2550 404 2603 App.
449 2548 601 2595 (I41D,
628 2548 732 2595 45K,
756 2561 792 2603 p.
814 2548 917 2595 97G
944 2549 1191 2596 I.34013r.‚
1216 2549 1359 2585 Jordan
1385 2550 1442 2586 ed.
1470 2553 1501 2585 3.
1528 2562 1563 2595 p.
1587 2551 1681 2593 111.)
1708 2572 1752 2577 —

305 2595 373 2644 tis]
391 2598 524 2653 gentes
551 2597 591 2633 V.
606 2617 651 2623 —
672 2596 899 2644 aestimatis]
927 2597 968 2642 V,
987 2597 1225 2634 existumatis
1245 2598 1338 2634 coni.
1360 2598 1520 2634 Dietseh.
1537 2619 1581 2624 —
1594 2597 1754 2643 perfidia

99 2647 103 2663 ¹
178 2599 348 2692 ’affl
371 2645 424 2680 sit
440 2656 533 2682 conv.
561 2644 740 2689 Wo'lfflin.
764 2666 809 2672 —
834 2626 1030 2693 tutandis]
1050 2645 1090 2690 V,
1115 2645 1284 2681 vitandis
1304 2647 1396 2682 coni.
1417 2645 1620 2689 Asuzanus,
1645 2647 1752 2693 vulyo

172 2691 485 2787 mKIv-itaiwm
507 2693 570 2730 sed
594 2693 690 2729 illud
713 2693 840 2730 allatis
862 2694 1035 2740 exemplis
1059 2695 1139 2730 iwre
1164 2694 1327 2738 defendit
1353 2693 1545 2729 Weinhold
1572 2695 1655 2737 (act.
1682 2705 1750 2730 soc.

297 2790 332 2824 2.
353 2751 527 2835 gptimis]
556 2799 604 2834 op
606 2787 721 2824 tumis
754 2788 794 2824 V.

297 2838 331 2872 4.
356 2846 447 2871 nam
483 2801 604 2881 quidp
613 2836 652 2882 a]
691 2834 844 2880 quidem
875 2836 916 2872 D
934 2836 1090 2873 Donati.
1116 2858 1163 2863 —
1188 2835 1439 2882 Philippoque
1477 2837 1516 2871 et
1547 2835 1752 2884 Antiocho]

184 2882 228 2928 V,
252 2892 395 2928 aequor
412 2883 464 2927 D,
491 2894 654 2929 aequore
679 2885 719 2919 et
743 2885 845 2919 terra
867 2885 976 2931 vulyo
1001 2896 1043 2920 m
1062 2885 1224 2928 Donato,
1250 2884 1345 2930 quod
1369 2885 1514 2930 quidem
1533 2883 1644 2920 Kritz
1669 2895 1751 2920 con-

176 2930 263 2968 iecit
278 2935 401 2968 ortum
418 2942 491 2968 esse
509 2943 527 2968 e
546 2932 687 2968 duobus
706 2931 890 2978 exemplis,
915 2944 1070 2979 quornm
1089 2933 1241 2970 alterius
1254 2933 1447 2978 posterior,
1472 2932 1626 2969 alterius
1645 2933 1752 2979 prior
