1976 3190
791 149 1025 196 Fragmenta
1051 153 1203 186 52—58.
1344 170 1347 173 ·
1706 150 1789 192 133

338 263 506 304 Comm.
570 264 713 314 Spreta
742 262 870 302 Servii
901 259 1231 312 interpretatione
1263 264 1435 303 editores
1466 264 1516 302 ad
1549 263 1790 314 Charybdim

78 363 83 372 ,
134 308 136 310 Ὺ
214 300 338 365 uerba
367 323 567 374 pertinere
598 323 847 374 existimant,
886 335 989 373 quae
1027 324 1090 361 ter
1126 335 1286 373 quoque
1319 323 1382 363 die
1413 323 1560 363 fluctus
1592 323 1789 374 respuisse

214 384 259 424 et
282 382 534 426 absorbuisse
562 383 702 423 fertur.
751 381 914 421 Minime
940 395 1033 421 vero
1060 382 1300 422 scholiastae
1331 383 1428 423 fides
1453 383 1687 435 deneganda
1712 385 1789 434 est,

214 442 364 484 etenim
401 443 499 494 quid
535 444 612 494 est,
650 455 722 482 cur
752 441 997 493 dubitemus,
1036 441 1135 492 quin
1171 442 1388 482 Sallustius
1422 443 1615 482 Graecam
1651 456 1790 482 vocem

212 500 398 556 τρικυμία
434 498 491 556 (h.
523 516 556 542 e.
587 502 697 541 unda
732 501 855 541 tertia
892 501 1110 552 eademque
1145 497 1419 555 gravissima),
1458 516 1581 553 quam
1617 503 1790 542 Romani

212 562 336 615 vulgo
362 563 523 610 thwetum
546 563 804 602 decumanum
829 562 1095 613 appellavere,
1124 561 1244 601 verbo
1271 562 1352 601 fere
1379 564 1496 602 tenus
1522 563 1788 614 transtulerit,

212 621 285 673 qui
326 621 433 662 idem
478 623 642 662 cantum
683 623 901 661 nautarum
945 621 986 659 in
1026 621 1259 672 remigando
1300 621 1500 661 usitatum
1544 622 1788 664 Graecorum

210 679 379 733 κέλευμα
409 683 570 722 secutus
599 683 710 721 iussa
740 684 954 720 nautarum
985 681 1031 720 fr.
1064 681 1139 720 inc.
1169 682 1222 720 13
1255 681 1489 721 nominavit.
1551 681 1654 720 Sane
1685 682 1788 721 hanc

206 739 428 783 similemve
447 754 578 793 neque
596 754 703 793 vero,
733 754 856 792 quam
880 741 1004 792 vulgo
1029 741 1251 792 postulant,
1277 741 1360 780 vim
1386 741 1514 780 inesse
1539 741 1630 780 voci
1655 755 1786 792 gram-

205 801 380 844 mutiens
403 801 469 842 vel
494 814 516 841 e
541 801 831 841 sententiarum
855 814 962 840 nexu
987 800 1175 851 omnique
1201 814 1255 852 re,
1283 813 1386 851 quae
1415 801 1479 840 hic
1506 802 1695 840 enarrata
1714 803 1785 853 est,

205 861 440 901 concludere
476 861 623 912 potuit.
692 860 802 908 Quae
841 860 875 899 si
906 860 965 899 ita
997 862 1108 912 sunt,
1147 861 1198 899 ad
1235 860 1482 899 Mithridatis
1523 833 1785 912 naufragiuni

205 920 479 973 fragmentum
508 921 619 960 haud
654 921 789 972 inepte
826 920 965 960 referri
1001 922 1137 971 potest
1171 922 1212 959 et
1243 921 1294 959 ad
1324 920 1447 959 verba
1478 920 1704 960 Plutarchi.
1743 918 1785 959 ἐν

205 979 311 1036 σάλῳ
342 979 494 1037 μεγάλῳ
525 979 592 1021 καὶ
622 980 766 1033 κύματι
796 982 944 1036 τυφλῷ.

325 1095 404 1141 56.
457 1095 635 1152 Neque
666 1096 766 1138 iam
792 1096 1043 1139 sustineri
1069 1098 1277 1151 poterat
1303 1095 1606 1138 immensum
1631 1099 1783 1138 aucto

204 1167 331 1211 mari
363 1170 412 1210 et
442 1170 596 1211 vento
627 1167 897 1225 gliscente.

321 1285 429 1332 App.
480 1285 546 1332 (ΠΙ
564 1289 608 1321 31
623 1285 668 1332 D,
695 1289 740 1321 35
759 1285 805 1331 K,
832 1289 877 1321 97
892 1285 935 1331 G,
961 1286 978 1320 I
1002 1298 1037 1331 p.
1059 1289 1129 1321 445
1143 1285 1218 1331 ΒΥ.)
1244 1307 1291 1311 —-
1316 1285 1461 1321 Nonius
1482 1285 1498 1321 I
1522 1298 1557 1331 p.
1580 1289 1636 1322 22.

322 1376 433 1440 57*.
499 1394 699 1438 Probus
737 1394 922 1437 cathol.
955 1393 1039 1451 <IV
1063 1410 1105 1451 p.
1133 1394 1229 1453 28):
1264 1394 1391 1452 ε(303)
1418 1430 1455 1437 ..
1483 1410 1617 1437 unum
1656 1395 1783 1438 Grae-

201 1481 300 1510 cum
323 1466 412 1525 legi
436 1466 484 1510 in
507 1465 713 1510 Sallustio
739 1466 949 1509 secundae
979 1466 1290 1524 declinationis,
1317 1468 1356 1510 si
1380 1466 1542 1510 faciens
1567 1467 1782 1525 genetivo,

200 1537 306 1582 haec
335 1538 517 1592 Amisos,
548 1538 680 1581 huius
710 1538 880 1582 Amisi?

318 1656 426 1703 App.
478 1655 544 1703 (l'V
563 1656 672 1702 50D,
701 1656 786 1702 9K,
812 1655 884 1692 inc.
907 1660 949 1691 21
967 1655 1015 1702 G,
1047 1657 1083 1692 Π
1106 1669 1142 1702 p.
1164 1660 1233 1692 525
1248 1657 1322 1702 Br.)
1351 1679 1392 1682 —-
1424 1657 1490 1693 Ex
1521 1657 1641 1694 Probo
1672 1659 1781 1702 affert

199 1704 382 1741 Sacerdos
401 1704 467 1750 (VI
485 1716 520 1751 p.
541 1706 637 1750 479).
658 1710 669 1749 ΙΙ
687 1703 853 1751 Amisos]
875 1703 1043 1740 Oamisos
1065 1734 1071 1740 .
1089 1734 1095 1740 .
1113 1734 1120 1740 .
1142 1704 1282 1740 Camisi
1302 1705 1472 1749 BProbi,
1491 1706 1611 1751 vulgo,
1631 1705 1779 1742 Amisos

199 1757 291 1792 rom
314 1751 503 1798 &cordo-3,
527 1753 658 1788 etenim
685 1751 822 1788 Camisi
845 1763 1028 1799 nusquam
1052 1754 1156 1798 apud
1180 1752 1399 1789 Sallustimn
1423 1754 1466 1797 fit
1490 1754 1635 1789 mentio.

318 1829 487 1870 Comm.
541 1829 710 1881 Probus,
737 1829 929 1880 quoniam
954 1830 1077 1869 etiam
1102 1830 1398 1869 nominativum
1423 1830 1596 1869 nominis
1622 1830 1663 1868 in
1692 1831 1777 1870 Sal-

196 1889 322 1930 lustio
353 1901 395 1929 se
419 1889 564 1942 legisse
589 1890 775 1942 testatur,
807 1903 887 1930 non
914 1890 1088 1929 alterum
1116 1890 1301 1929 Sallustii
1327 1890 1599 1942 fragmentum
1624 1890 1682 1928 IV
1712 1894 1777 1942 13,

196 1962 279 2001 quo
309 1948 470 1998 Amisos
499 1949 710 2001 laudatur,
747 1950 790 1988 in
827 1950 962 1989 animo
993 1950 1155 2002 habuit,
1192 1950 1395 2000 peculiare
1433 1950 1561 2002 igitur
1593 1950 1778 1990 Sallustii

195 2009 471 2063 fingmentum
500 2009 737 2061 accipimus,
768 2009 928 2050 Amisos
960 2012 1098 2049 autem
1129 2014 1222 2049 011111
1254 2010 1413 2061 saepius
1445 2010 1584 2061 tertio,
1618 2012 1776 2062 quarto,

196 2068 339 2121 quinto
369 2068 472 2108 libro
504 2071 816 2109 commemorata
847 2070 917 2121 sit,
948 2069 1006 2108 ibi
1037 2070 1310 2122 fragmentum
1342 2083 1560 2122 apponere,
1593 2070 1664 2109 ubi
1695 2071 1775 2121 pri-

195 2141 309 2168 mum
337 2128 434 2168 urbs
466 2142 491 2169 a
523 2128 717 2169 Sallustio
750 2130 956 2180 appellata
988 2142 1072 2169 esse
1103 2130 1274 2182 videtur,
1307 2130 1406 2170 satis
1437 2130 1643 2170 habemus.

315 2243 392 2289 58.
454 2243 701 2302 castella,
745 2245 1008 2288 custodias
1045 2245 1424 2302 thesaurorum,
1466 2245 1516 2288 in
1555 2245 1773 2289 deditio—

193 2330 305 2359 nem
337 2315 647 2372 acciperent.

311 2434 410 2482 Ap
465 2433 531 2481 (ΠΙ
549 2433 650 2480 35Ι),
676 2434 778 2480 42K,
803 2434 855 2470 IV
873 2434 975 2479 43G,
1001 2434 1081 2481 Hp
1084 2434 1268 2480 .379Br.)
1290 2456 1332 2460 --
1356 2434 1548 2471 Charisius
1569 2447 1604 2480 p
1627 2438 1706 2470 107.

193 2482 296 2520 Serv.
316 2494 340 2520 a
378 2447 471 2519 Aen.
485 2481 638 2518 XI801:
661 2482 881 2523 ‘secundum
895 2447 1128 2528 Sallustium,
1149 2482 1215 2528 qui
1234 2482 1291 2519 ait
1310 2482 1511 2518 castella
1531 2482 1772 2518 custodias

191 2531 514 2568 thesaurorum
536 2541 605 2576 pro
631 2525 838 2576 custodiae,
865 2529 921 2566 ita
946 2529 1047 2566 enim
1072 2531 1189 2566 etiam
1214 2531 1334 2577 Asper
1359 2529 1560 2576 intelligit,
1587 2530 1678 2565 licet
1704 2530 1771 2565 alii

191 2577 385 2615 custodias
416 2577 675 2614 accusativum
705 2577 851 2614 velint.'
878 2579 890 2624 ΙΙ
915 2578 1124 2627 custodias]
1161 2578 1356 2614 custodiae
1390 2579 1562 2615 FServii.
1597 2599 1639 2603 ——
1674 2577 1771 2614 acci·

141 2652 148 2663 .
190 2627 340 2674 petent]
377 2626 638 2673 acciperentur
674 2625 883 2671 Chwisius,
921 2638 1012 2663 corr.
1047 2627 1212 2663 Gerlach.
1273 2627 1487 2672 Corrupteza
1525 2627 1600 2661 iam
1637 2626 1772 2672 Asperi

190 2675 412 2721 tenporibus
435 2675 568 2719 eaetitit,
593 2686 704 2721 quam
728 2675 789 2710 ille
813 2675 868 2710 ita
893 2675 1082 2719 defendere
1103 2675 1257 2719 studuit,
1282 2679 1324 2711 ut
1349 2673 1542 2710 custodias
1566 2675 1771 2720 yenetivum

118 2745 123 2750 ·
189 2733 262 2761 esse
285 2723 598 2768 interpretaretur.

311 2798 478 2840 Comm.
528 2799 703 2852 Legatos
728 2799 890 2839 Luculli
913 2799 976 2839 his
1000 2799 1132 2839 verbis
1161 2800 1288 2839 dictos
1315 2811 1399 2838 esse
1425 2799 1475 2838 ad
1502 2798 1769 2851 subigendum

189 2859 436 2900 Mithridatis
473 2872 643 2911 regnum
680 2859 844 2899 emissos
882 2859 1053 2900 editores
1092 2860 1439 2910 existimaverunt,
1485 2860 1529 2897 at
1571 2858 1669 2899 haec
1705 2858 1767 2899 res

190 2920 350 2972 quarto,
375 2933 455 2959 non
474 2918 595 2959 tertio
615 2919 717 2959 libro
743 2919 983 2960 continetur.
1034 2919 1136 2959 Cum
1160 2933 1254 2959 vero
1281 2919 1323 2959 id
1341 2919 1486 2971 ipsum,
1514 2918 1622 2970 quod
1646 2919 1767 2959 huius
