1976 3190
727 172 956 218 Fragmenta
983 175 1133 208 70—78.
1639 170 1719 212 141

66 271 71 277 ’
102 279 262 326 m
281 282 325 318 ob
348 282 562 319 scholiastae
585 280 863 327 captivationem
881 280 1036 315 dicentis
1060 263 1122 314 hic
1148 289 1237 324 ergo
1260 290 1378 323 usque
1404 289 1424 314 e
1449 278 1532 314 1000
1553 279 1621 324 est,
1647 289 1723 314 non

22 332 30 370 ᾗ
144 328 194 376 in
209 328 345 366 locum.
389 329 444 367 At
466 330 553 366 haec
577 330 628 366 ad
653 329 805 375 Verqilii
824 328 944 371 verba,
968 339 1043 362 ‘non
1062 327 1112 362 ad
1131 327 1348 362 Sallustium
1365 331 1526 372 spectare
1545 327 1722 371 existimo,

47 399 77 431 ’χ
143 374 228 415 eim
250 388 370 438 usque
394 389 419 414 a
442 376 595 412 flumine
619 377 746 413 addito
771 376 835 411 illo
859 355 965 410 ‘oraxis
992 376 1168 420 stagnum
1192 375 1284 418 ferri
1307 385 1383 410 mm
1402 375 1529 420 possit.

264 453 432 495 Comm.
481 453 777 493 Difficillimum
797 453 872 492 hoc
891 452 1163 504 fragmentum
1182 451 1397 490 Debrossio
1425 453 1588 491 auctore
1608 452 1720 490 Kritz

46 509 50 520 '
83 499 86 502 ‚
139 514 197 556 td
232 512 367 566 Cyzici
404 514 650 554 obsidionem
686 512 862 563 rettulit,
901 525 974 564 ego
1014 511 1199 578 equidem
1235 511 1464 561 putaverim
1502 512 1553 550 ad
1583 525 1721 551 vocem

138 575 268 614 onmis
302 574 409 613 inter
444 577 627 623 staqnwm
663 574 705 612 et
733 574 879 621 flwmen
916 571 1196 622 interpositam
1234 571 1319 610 veri
1358 571 1559 610 simillime
1591 572 1720 623 regio-

21 631 50 674 ,ζ-
75 635 83 680 J
141 647 251 687 nem,
288 646 416 686 oram,
454 636 603 673 terram
634 633 699 672 vel
735 632 817 671 tale
850 631 949 682 quid
986 631 1307 670 subaudiendum
1338 643 1439 682 esse,
1479 631 1546 683 agi
1584 634 1720 670 autem

35 680 53 686 .
89 692 99 698 ⁴
142 693 219 735 hoc
248 693 476 747 fragmento
508 693 556 732 de
587 695 717 732 terrae
749 691 921 730 alicuius
947 690 1224 742 descriptione.
1288 690 1365 729 Sed
1397 693 1586 742 stagnum
1618 691 1719 729 illud
1791 725 1810 740 ,

144 753 258 798 aliud
287 753 368 792 nisi
391 753 583 793 Maeotim
615 764 698 791 esse
724 765 839 803 nego,
872 751 1021 802 quippe
1054 764 1158 801 quae
1183 750 1301 800 palus
1334 763 1358 788 a
1383 750 1499 802 Mela,
1532 752 1722 802 stagnum

0 809 42 849 ſs·
68 844 70 846 Ι
144 812 203 867 *b
231 813 464 865 Amffliano,
508 811 693 852 similiter
737 812 787 851 ab
828 811 918 850 aliis
960 811 1157 862 appellari
1201 810 1346 861 soleat3
1390 810 1528 860 itaque
1572 810 1722 849 flumen

144 872 301 913 main
331 885 417 913 esse
447 873 557 912 haud
580 871 893 911 fals0·conicias.
952 870 1122 921 Reliqua
1149 869 1348 920 quomodo
1375 870 1598 920 supplenda
1630 870 1722 921 sint,

117 933 358 986 incertum,
395 933 612 972 relativum
642 944 754 980 quem
784 931 954 970 fortasse
992 931 1043 969 ad
1079 931 1276 981 populum
1315 931 1487 981 spectat3
1526 929 1723 969 eiusmodi

140 992 272 1047 igitur
298 992 424 1032 fuerit
449 992 621 1032 forsitan
647 991 862 1031 sententia:
887 991 1072 1040 populus,
1105 1002 1217 1038 quem
1247 992 1359 1028 trans
1389 992 1574 1038 staynum
1597 991 1723 1028 omnis

43 1032 65 1067 ἶ·
141 1063 264 1103 usque
296 1053 351 1092 ad
379 1053 526 1100 fhomen
556 1063 629 1091 ora
656 1052 798 1100 yiynit,
830 1051 1016 1089 Maeotici
1047 1050 1307 1099 appellantur,
1348 1050 1413 1088 vel
1451 1049 1580 1088 simile
1613 1049 1722 1100 quid.

141 1111 278 1165 Atque
307 1112 407 1151 haec
438 1112 486 1151 de
517 1111 735 1163 fragmenti
765 1110 887 1149 huius
924 1111 1072 1149 natura
1103 1122 1335 1160 conexuque
1368 1109 1598 1148 coniectura
1630 1123 1720 1148 con⁶

141 1171 293 1213 firmari
327 1171 489 1212 videtur
518 1171 647 1210 Melae
680 1171 768 1210 1000
805 1183 928 1221 supra
965 1170 1162 1221 apposito.
1219 1168 1406 1208 Ceterum
1443 1169 1477 1208 si
1513 1182 1627 1218 quom
1658 1170 1722 1208 vel

141 1243 235 1287 omn,
265 1232 502 1284 scribamus,
542 1244 690 1271 nexum
726 1231 864 1281 paullo
902 1230 1099 1280 aptiorem
1135 1229 1436 1279 facilioremque
1474 1228 1561 1268 fieri
1598 1231 1722 1279 patet.

264 1322 373 1368 76⁴².
446 1323 666 1380 Scythae
709 1322 949 1366 nomades
992 1324 1195 1377 tenent,
1240 1321 1434 1376 quibus
1478 1321 1721 1377 plaustra

142 1395 292 1440 sedes
321 1398 453 1459 sunt.

260 1489 368 1536 App.
413 1489 479 1535 (ΙΠ
497 1493 541 1524 51
555 1489 600 1534 D,
620 1492 666 1524 47
680 1489 725 1534 Κ,
745 1493 792 1524 44
803 1488 846 1532 G,
872 1488 907 1523 11
925 1500 960 1534 p.
982 1490 1049 1522 281
1065 1487 1140 1533 Br.)
1159 1508 1207 1513 —-
1225 1487 1406 1532 Porphyr.
1429 1487 1478 1522 ad
1497 1486 1585 1523 Hor.
1607 1499 1719 1523 carm.

142 1537 196 1574 ΠΙ
214 1541 272 1584 24,
292 1541 327 1574 9.
351 1559 399 1564 -
424 1537 547 1573 schol.
573 1537 702 1573 Horat.
731 1536 804 1582 (Ps.
829 1536 928 1582 Aer.)
954 1535 1064 1572 ibid.:
1094 1534 1246 1580 ‘quibus
1345 1535 1458 1570 sunt!

263 1621 371 1668 772².
431 1622 631 1667 Nonius
667 1621 750 1665 XII
787 1638 828 1678 p.
856 1622 963 1665 524:
1005 1607 1272 1664 ‘Proximum
1310 1620 1512 1663 dicebant
1555 1623 1722 1663 veteres

139 1709 230 1738 non
259 1694 400 1738 solum
431 1694 666 1737 adhaerens
704 1697 748 1736 et
779 1693 1041 1748 adiunctum,
1077 1707 1226 1735 verum
1258 1692 1388 1734 etiam
1425 1693 1555 1749 longe
1587 1707 1721 1735 remo-

140 1770 254 1824 tum,
285 1766 323 1810 si
353 1769 500 1810 tamen
530 1766 644 1809 inter
675 1766 760 1809 duo
799 1765 983 1808 discreta
1013 1764 1125 1807 nihil
1156 1764 1345 1806 medium
1378 1764 1595 1806 extitisset
1623 1799 1630 1806 .
1653 1799 1660 1806 .
1684 1799 1720 1807 ..

141 1838 204 1883 ita
241 1841 285 1882 et
315 1837 547 1882 Sallustius
584 1838 630 1881 in
667 1838 755 1881 situ
785 1837 915 1880 Ponti
953 1837 1004 1879 de
1042 1836 1358 1892 promunturiis
1389 1836 1721 1894 Paphlagonum

142 1913 188 1955 et
217 1911 341 1968 <eo,>
373 1910 490 1967 quod
521 1909 833 1966 Criumetopon
865 1908 1116 1965 appellavit,
1147 1908 1306 1964 posuit.

261 2005 367 2052 App.
418 2005 484 2051 (ΙΠ
502 2009 549 2041 48
561 2005 606 2050 D,
631 2007 678 2040 45
691 2004 737 2050 K,
764 2003 807 2050 Gr,
833 2004 868 2039 H
891 2016 926 2050 p.
949 2007 1018 2039 207
1032 2003 1107 2049 Br.)
1127 2006 1138 2049 ΙΙ
1158 2003 1219 2050 00]
1245 2003 1330 2039 add.
1357 2003 1402 2038 L.
1424 2003 1576 2038 Maller.

262 2081 430 2123 Comm.
491 2082 604 2122 Duos
636 2082 687 2121 ad
717 2082 826 2122 locos
857 2081 960 2121 situs
986 2080 1144 2120 Pontici
1174 2080 1250 2119 hoc
1274 2079 1552 2119 testimonium
1582 2079 1723 2118 referri

140 2144 286 2195 potest,
315 2143 390 2182 aut
413 2141 486 2182 ubi
510 2142 558 2181 de
583 2141 704 2181 Asiae
730 2141 848 2181 litore
875 2140 1190 2191 Carambicoque
1216 2140 1498 2190 promunturio
1525 2140 1724 2191 agebatur

141 2204 217 2243 aut
252 2215 346 2242 cum
381 2202 430 2242 de
468 2201 712 2242 Cherroneso
752 2201 925 2240 Taurica
962 2202 1004 2240 et
1035 2200 1294 2250 Oriumetopo
1327 2199 1546 2238 Sallustius
1584 2200 1721 2250 loque-

140 2263 272 2303 batur.
334 2261 425 2302 Hlic
454 2263 680 2313 posuerunt
710 2261 984 2314 fragmentum
1015 2260 1198 2311 editores,
1229 2260 1294 2298 hic
1326 2260 1605 2299 collocandum
1636 2272 1720 2298 esse

141 2335 191 2363 ex
224 2322 333 2363 Mela
367 2321 582 2373 Plinioque
620 2321 735 2372 sequi
771 2321 871 2360 mihi
909 2320 1071 2372 quidem
1108 2319 1286 2371 videtur3
1331 2321 1372 2359 et
1410 2332 1504 2358 sane
1543 2319 1722 2370 proxime

141 2382 318 2423 alterum
355 2382 405 2422 ab
443 2382 570 2421 altero
609 2381 732 2421 situm
769 2394 853 2421 esse
884 2382 973 2419 tum
1004 2380 1164 2419 demum
1199 2380 1278 2419 dici
1315 2379 1468 2432 potuit,
1506 2381 1722 2430 postquam

142 2442 310 2483 alterius
342 2442 445 2482 situs
477 2443 597 2481 antea
627 2441 710 2480 iam
741 2441 946 2492 expositus
978 2442 1049 2478 est.

264 2532 373 2580 78²⁸.
429 2533 557 2585 Quia
582 2532 879 2590 prominens
905 2531 1242 2588 aquilonibus
1268 2531 1434 2574 minus
1460 2531 1723 2588 gravescit

142 2616 291 2665 quam
321 2609 503 2650 cetera.

261 2700 374 2756 App.
408 2700 531 2746 (Deest
550 2701 594 2735 in
617 2699 864 2745 editionibus.)
877 2719 924 2725 —-
943 2699 1080 2735 Adnot.
1102 2698 1153 2734 ad
1172 2698 1259 2734 Luc.
1280 2698 1333 2734 VI
1354 2702 1422 2734 104
1443 2698 1551 2743 (deest
1570 2698 1612 2733 ίπ
1633 2697 1689 2743 0).
1709 2698 1720 2745 Η

143 2712 403 2796 aquilombus]
432 2747 478 2793 G,
509 2748 655 2791 Usener,
681 2746 811 2792 aquilo
837 2747 937 2783 WV.

261 2825 430 2867 Oomm
491 2825 554 2864 Ex
584 2825 682 2876 ipsis
708 2823 893 2863 Sallustii
922 2824 1054 2864 verbis
1079 2825 1213 2864 elucet
1243 2823 1311 2875 agi
1335 2823 1410 2862 1100
1442 2822 1529 2862 1000
1556 2820 1604 2861 de
1630 2834 1720 2873 pro-

141 2885 349 2926 munturio
380 2886 446 2926 vel
475 2885 714 2936 paeninsula
745 2884 884 2935 aliqua
915 2885 967 2924 ad
994 2884 1199 2924 meridiem
1232 2898 1252 2922 e
1285 2883 1507 2923 continenti
1539 2882 1599 2920 ita
1629 2895 1720 2933 pro—

141 2946 314 2999 siliente,
343 2947 394 2985 ut
422 2945 508 2997 ipse
539 2945 748 2986 continens
779 2957 805 2984 a
834 2944 966 2984 ventis
997 2957 1087 2984 eam
1111 2946 1294 2995 tueatur,
1327 2956 1373 2982 eo
1387 2983 1391 2985 Α
1405 2944 1543 2982 autem
1575 2942 1642 2994 agi
1673 2942 1721 2981 de
