2034 3184
346 178 427 221 176
817 173 971 212 Sallusti
995 172 1244 212 Historiarum
1267 174 1333 213 lib.
1353 174 1413 212 IV.
1893 194 1895 197 .
2002 173 2034 263 i

462 283 537 330 51.
570 284 780 328 Crassus
811 259 1106 328 obtrectans
1131 284 1305 341 potius
1331 283 1578 341 collegae,
1603 297 1747 340 quam
1771 283 1891 328 boni

343 361 428 400 aut
458 357 577 399 mali
609 355 809 412 publici
840 370 1029 412 gnavos
1060 356 1368 398 aestimator.

460 450 565 496 App.
616 449 679 494 (IV
699 452 744 483 34
756 447 800 493 D,
827 451 871 483 62
885 448 929 494 K,
957 452 1000 484 72
1014 448 1070 494 G.)
1099 470 1143 475 —
1175 449 1281 484 Arus.
1307 461 1342 494 p.
1363 452 1442 484 496.
1468 449 1480 494 ΙΙ
1504 459 1645 494 gnavos
1686 458 1823 495 gravas
1842 448 1893 493 N,

342 511 432 534 corr.
451 498 548 542 Keil,
566 495 692 542 gravis
711 496 826 541 vulgo.
846 497 858 542 ss
877 496 1110 543 aestimator]
1130 498 1282 532 exactor
1301 497 1350 541 N,
1370 497 1499 531 auctor
1517 497 1609 532 coni.
1667 497 1749 541 rite,
1766 494 1893 532 existi-

342 547 464 580 mator
488 546 542 581 vel
567 543 785 579 aestimator
809 543 978 588 Dietsch;
1002 545 1116 580 locum
1140 545 1302 580 ‘nondum
1326 548 1497 579 sanatum
1515 544 1732 589 putaverim.

464 639 570 684 52³⁶.
631 639 917 682 Fenoribus
948 642 1188 695 copertus
1219 643 1306 682 est.

462 746 567 791 App.
618 745 704 791 (Inc.
727 749 794 780 114
807 745 851 790 D,
877 744 979 789 8511,
1007 744 1064 790 G.)
1089 766 1135 770 —
1161 744 1303 780 Gellius
1329 745 1362 779 Π
1383 748 1437 790 17,
1459 748 1489 781 7.
1523 766 1566 771 —
1597 744 1692 781 Ibid.
1716 745 1770 782 IV
1789 748 1844 792 1⁷,
1864 749 1896 782 6.

464 816 628 856 Comm.
678 815 840 855 Asconii
859 816 945 854 loco
971 827 1092 865 supra
1118 816 1241 854 allato
1268 818 1488 855 commotus
1513 816 1560 855 de
1579 815 1754 856 Antonio
1778 816 1897 856 haece
2017 821 2021 850 ἱ

345 876 451 916 dicta
488 888 570 915 esse
608 876 863 926 interpretor,
901 877 941 913 et
972 874 1018 912 de
1049 875 1250 914 fenoribus
1287 875 1456 914 hominis
1488 875 1658 914 alicuius
1688 875 1898 916 similibus·
2016 864 2023 919 i

346 949 422 987 que
453 936 570 975 rebus
601 948 703 974 anno
735 935 804 973 illo
836 934 1012 973 censorio
1044 936 1175 972 actum
1208 947 1291 973 esse
1321 935 1405 973 veri
1437 935 1563 974 simile
1594 937 1665 974 est.
2021 934 2023 942 ’

464 1037 541 1081 53.
603 1037 979 1092 Suspectusque
1016 1036 1135 1092 fuit,
1172 1036 1422 1079 incertum
1454 1052 1569 1080 vero
1600 1053 1661 1080 an
1691 1053 1780 1094 per
1810 1053 1890 1080 ne·
2022 1093 2025 1099 ι

347 1108 684 1167 glegentiam,
738 1108 1037 1150 societatem
1092 1108 1389 1163 praedarum
1446 1123 1552 1150 cum
1606 1108 1898 1152 latronibus
2020 1119 2027 1159 l

348 1179 706 1235 composuisse.
2012 1178 2028 1185 ”

465 1273 570 1318 App.
621 1273 684 1318 (IV
705 1277 745 1307 11
762 1272 805 1317 D,
832 1276 875 1307 63
889 1272 933 1318 Κ,
961 1276 979 1307 7
995 1271 1042 1317 G,
1074 1272 1107 1306 II
1131 1284 1166 1317 p.
1188 1276 1256 1307 348
1270 1272 1344 1318 Br.)
1375 1293 1421 1298 —
1451 1272 1594 1308 Nonius
1618 1273 1669 1309 IV
1692 1285 1728 1319 p.
1749 1276 1828 1310 267.
1853 1294 1899 1300 ——

347 1320 412 1356 lib.
433 1320 483 1355 IV
509 1320 598 1364 LG,
622 1321 747 1366 vulyo;
778 1319 842 1355 lib.
862 1320 914 1355 III
940 1320 983 1355 H
990 1319 1092 1363 Gen„
1118 1320 1162 1356 L.
1183 1320 1331 1355 Maller.
1351 1321 1363 1366 n
1381 1321 1484 1366 vero]
1510 1331 1595 1356 vere
1625 1323 1718 1357 ccmi.
1737 1321 1897 1356 Dietsch.

347 1390 394 1394 —
424 1368 488 1414 an]
521 1379 564 1402 ac
595 1369 694 1403 codd.
733 1389 779 1392 —
816 1368 897 1414 per]
929 1369 1080 1413 propter
1110 1369 1200 1403 eom.
1228 1368 1385 1402 Dietsch.
1424 1388 1467 1393 —
1505 1367 1772 1416 composuisse]
1802 1379 1899 1404 com-

347 1415 534 1461 posuisset
558 1416 658 1451 codd.

467 1480 635 1519 Comm.
696 1480 758 1517 Ad
782 1480 946 1518 Verrem
977 1480 1074 1519 haec
1099 1481 1276 1530 spectare
1300 1480 1398 1519 bene
1424 1480 1591 1520 coniecit
1614 1480 1901 1531 comprobavit-

349 1553 426 1590 que
457 1539 580 1578 Kritz.

469 1630 576 1674 54³⁸.
627 1629 832 1685 Canina,
863 1633 917 1671 u‘t
948 1629 1020 1671 ait
1045 1629 1264 1685 Appius,
1294 1629 1530 1672 facundia
1556 1630 1900 1674 exercebatur.

468 1736 573 1781 App.
624 1735 671 1780 (Π
691 1735 797 1779 371),
823 1739 868 1769 46
883 1735 926 1780 Κ,
957 1734 1009 1769 111
1028 1734 1111 1779 se,
1143 1735 1177 1769 ΙΙ
1200 1747 1235 1780 p.
1260 1738 1328 1769 655
1343 1735 1415 1778 ΒΥ.)
1440 1756 1487 1760 —
1511 1735 1653 1770 Nonius
1678 1735 1695 1770 1
1718 1747 1753 1781 p.
1770 1730 1830 1771 co.
1856 1756 1902 1762 —

353 1784 606 1819 Commemorat
631 1782 848 1817 Lactantius
875 1782 948 1818 div.
974 1782 1059 1817 inst.
1081 1782 1132 1817 VI
1152 1786 1206 1827 18,
1227 1786 1270 1817 26
1297 1784 1344 1827 (p.
1366 1786 1431 1817 551
1447 1783 1537 1828 Br..):
1569 1782 1672 1827 ‘quia
1695 1782 1776 1828 ipse
1800 1782 1902 1818 cani-

350 1842 437 1866 nam
456 1830 562 1865 illam
585 1829 811 1874 facundiam,
838 1829 935 1864 sicut
955 1829 1153 1864 Sallustius
1179 1829 1226 1864 ab
1247 1830 1368 1874 Appio
1395 1829 1536 1864 dictum
1560 1829 1683 1874 refert,
1708 1829 1901 1875 exercuit',
2032 1847 2034 1849 >

346 1883 534 1924 praeterea
558 1877 772 1922 Hieronym.
799 1888 854 1922 ep.
878 1880 956 1921 119,
979 1881 1014 1920 1;
1041 1876 1090 1912 ib.
1104 1877 1192 1922 x134,
1214 1881 1243 1912 1.
1963 1875 1966 1879 ’

473 1948 641 1988 Comm.
702 1948 765 1986 Ad
797 1947 1004 1994 Quintium
1030 1947 1209 1999 Gerlach,
1240 1947 1350 1985 Kritz
1383 1949 1502 1998 atque
1533 1947 1695 1987 Dietsch
1726 1947 1777 1986 ad
1807 1947 1902 1990 Sici-

354 2009 465 2046 nium
496 2009 677 2047 tribunos
710 2009 885 2057 spectare
917 2007 1037 2046 verba
1069 2007 1220 2056 opinati
1252 2008 1360 2056 sunt,
1391 2009 1606 2057 utrumque
1631 2019 1722 2046 vero
1747 2006 1789 2045 in
1813 2019 1903 2046 con-

354 2068 530 2106 tionibus
560 2080 799 2118 magnopere
830 2067 871 2104 in
901 2066 1112 2116 optimates
1137 2066 1337 2105 invectum
1363 2068 1484 2116 atque
1508 2066 1615 2104 haud
1639 2078 1764 2116 parva
1786 2078 1903 2104 usum

356 2140 438 2165 esse
470 2127 657 2165 facundia
688 2128 855 2176 constat,
887 2128 930 2163 at
955 2138 1165 2164 causarum
1195 2127 1384 2175 patronos
1408 2125 1531 2164 fuisse
1557 2137 1623 2164 eos
1646 2125 1751 2164 unde
1775 2124 1906 2164 sciunt

354 2186 431 2225 viri
462 2186 524 2223 illi
555 2185 688 2224 docti?
748 2186 806 2223 De
839 2198 884 2224 eo
916 2185 1050 2235 potius
1080 2185 1165 2223 viro
1191 2184 1494 2235 intelligendum
1523 2196 1606 2223 esse
1637 2185 1905 2236 fragmentum

354 2245 451 2283 mihi
481 2245 651 2296 videtur,
683 2244 730 2282 de
763 2257 840 2294 quo
866 2244 1006 2282 iisdem
1036 2244 1167 2282 utitur
1189 2243 1319 2283 verbis
1343 2243 1577 2282 Lactantius
1608 2245 1649 2282 et
1673 2256 1791 2294 quem
1813 2243 1904 2282 inde

355 2305 404 2342 ab
430 2303 699 2342 adulescentia
725 2300 876 2341 canina
902 2303 973 2341 illa
999 2302 1226 2353 eloquentia
1251 2316 1292 2341 re
1312 2316 1405 2342 vera
1425 2302 1638 2341 exercitum
1657 2315 1739 2342 esse
1763 2303 1908 2355 notum⁴
1976 2343 1977 2346 ,

354 2366 425 2415 est,
469 2364 620 2403 scilicet
662 2363 708 2400 de
748 2362 942 2401 Cicerone.
1004 2362 1132 2408 Quemv
1171 2362 1268 2412 quin
1306 2362 1521 2400 Sallustius
1564 2375 1608 2401 eo
1649 2361 1904 2402 historiarum

339 2424 439 2462 *loco
459 2421 834 2472 commemoraverit,
866 2422 935 2459 ubi
961 2421 1007 2460 de
1026 2421 1160 2460 Verris
1187 2421 1257 2459 lite
1284 2433 1307 2459 a
1327 2421 1511 2460 Cicerone
1537 2420 1712 2460 accusati
1732 2421 1900 2472 rettulit,

354 2483 492 2532 procul
524 2481 644 2520 dubio
676 2483 745 2519 est.

475 2584 550 2628 55.
610 2583 655 2626 L.
681 2583 945 2633 ,Hostilius
976 2582 1247 2639 Dasianus,
1279 2582 1479 2639 inquies
1509 2581 1673 2625 animi.

474 2689 578 2734 App.
623 2688 687 2734 (IV
707 2691 750 2723 27
761 2687 805 2733 D,
825 2692 870 2723 60
880 2687 924 2733 Κ,
945 2692 986 2722 31
1001 2687 1058 2733 G.)
1076 2709 1122 2714 —
1141 2689 1247 2724 Arus.
1267 2699 1302 2733 p.
1323 2691 1402 2724 488.
1421 2689 1434 2734 ss
1452 2686 1650 2734 Hostilius]
1668 2684 1839 2722 hostibus
1853 2685 1903 2730 N,

356 2748 445 2773 corr.
465 2737 655 2772 Ruhnken.

475 2801 639 2840 Comm.
693 2801 738 2839 L.
762 2799 979 2839 Hostilium
1010 2800 1051 2838 in
1085 2801 1154 2840 lite
1181 2801 1349 2839 Verrina
1373 2813 1444 2850 pro
1475 2813 1542 2839 reo
1568 2798 1693 2852 egisse
1719 2797 1904 2838 certiores

358 2872 493 2899 sumus
523 2861 621 2898 facti
652 2862 692 2898 et
723 2873 743 2898 e
775 2859 853 2898 Cic.
878 2859 988 2897 Verr.
1016 2859 1035 2897 Ι
1063 2862 1104 2898 6:
1137 2856 1288 2910 ‘itaque
1321 2872 1410 2898 cum
1442 2872 1514 2910 ego
1545 2858 1649 2897 diem
1679 2857 1904 2908 inquirendi

358 2920 399 2956 in
437 2919 611 2957 Siciliam
651 2919 905 2969 perexiguam
945 2918 1269 2969 postulavissem,
1313 2918 1465 2957 invenit
1504 2918 1596 2968 iste,
1640 2917 1710 2966 qui
1749 2916 1823 2955 sibi
1862 2916 1904 2954 in
