1916 3178
233 264 328 290 cum
378 252 503 290 antea
545 249 772 305 vectigalia
820 265 844 291 a
893 249 1011 292 Sulla
1059 251 1260 306 imposita
1309 251 1394 292 iam
1437 250 1595 307 soluta,
1642 254 1792 307 postea

232 319 420 361 nondum
452 319 649 374 expedita
681 319 794 362 dicit.
843 320 960 377 Ergo
993 321 1171 363 diversis
1203 336 1254 363 ex
1281 320 1527 364 auctoribus
1552 322 1656 365 haec
1681 336 1791 365 sum·

231 391 318 446 psit
343 390 515 445 Strab03
541 405 638 432 cum
663 394 807 433 autem
831 390 941 447 App.
969 393 1024 434 83
1051 395 1260 448 congruat
1291 407 1387 434 cum
1412 391 1524 434 Plut.
1552 394 1632 448 20„
1651 387 1792 450 poste—

231 461 387 502 riorem
427 462 592 502 fontem
629 460 879 503 Sallustium
918 477 1010 504 esse
1046 465 1163 518 puto.
1202 489 1257 493 —
1289 463 1390 504 Mox
1420 461 1643 518 Appiani
1672 478 1706 507 6.
1732 465 1790 507 89

231 532 282 572 de
307 531 528 574 vulnerato
560 547 636 587 per
667 533 957 574 centurionem
987 533 1249 590 Mithridate,
1281 549 1376 575 cum
1405 533 1554 576 eadem
1578 549 1647 577 res
1677 534 1791 577 simi—

232 602 332 643 liter
369 605 563 644 enarrata
600 603 657 644 sit
694 604 806 659 apud
842 603 1026 646 Dionem
1063 619 1095 646 c.
1130 604 1202 659 15,
1237 607 1279 660 1,
1317 620 1339 646 e
1377 604 1580 647 Sallustio
1615 605 1790 648 fluxisse

231 673 409 715 videtur.
448 699 503 704 —
535 673 761 716 Praeterea
797 674 950 717 Strabo
988 674 1072 733 (ap.
1112 675 1231 730 App.
1272 674 1388 731 112)
1427 675 1479 717 ad
1517 675 1791 718 describenda

230 744 493 786 Mithridatis
518 760 657 787 mores
681 748 961 801 naturamque
980 746 1186 788 nonnulla
1210 761 1232 787 6
1253 745 1444 788 Sallustii
1469 746 1580 788 libro
1605 746 1790 793 secundo

232 817 453 857 mutuatus
491 819 572 871 est3
610 817 659 858 cf.
693 815 993 867 ἑκκαιδέκατος
1025 817 1087 859 ὢν
1119 816 1166 859 ἐκ
1199 823 1278 859 τοῦ
1309 820 1504 874 Δαρείου
1535 823 1615 860 τοῦ
1639 815 1790 860 ‘Tend—

235 896 349 928 σπου
382 889 570 942 Περσῶν
601 886 813 942 βασιλέως
842 903 881 929 κ.
900 902 936 929 τ.
957 891 993 930 λ.
1026 902 1122 929 611111
1146 887 1334 942 Ampel.
1367 903 1398 929 6.
1427 888 1507 942 30,
1533 887 1578 930 5:
1609 887 1688 930 ‘ita
1705 887 1790 931 Da-

233 956 322 998 rius
358 972 538 1014 regnum
573 957 780 1012 obtinuit,
818 973 843 998 a
873 973 957 1013 quo
989 957 1223 999 Artabazes
1255 958 1465 1014 originem
1501 958 1629 1014 ducit,
1666 973 1794 1015 quem

233 1028 496 1070 conditorem
534 1028 655 1084 regni
693 1028 956 1071 Mithridatis
993 1029 1124 1071 fuisse
1162 1030 1384 1071 confirmat
1421 1028 1649 1072 Sallustius
1687 1029 1795 1072 Cris-

233 1099 346 1154 pus'3
381 1101 429 1142 τὸ
456 1107 580 1155 σῶμα
614 1098 653 1140 δ’
689 1095 746 1154 ἦν
777 1098 910 1155 μέγας
941 1097 1034 1155 μὲν,
1071 1100 1129 1149 ὡς
1161 1100 1532 1143 ὑποδεικνύουσιν
1566 1100 1648 1143 ὅσα
1681 1100 1794 1144 ὅπλα·

233 1186 271 1212 κ.
303 1187 337 1212 τ.
369 1174 404 1213 λ.
444 1185 541 1211 611111
571 1171 620 1212 fr.
652 1169 693 1211 II
724 1172 799 1212 47:
844 1170 1136 1212 ‘Mithridates
1180 1185 1354 1226 corpore
1397 1171 1581 1228 ingenti,
1619 1171 1794 1226 perinde

238 1241 464 1296 armatus’3
501 1240 573 1283 καὶ
599 1242 679 1296 τὴν
704 1241 868 1297 μητέρα
894 1240 1061 1284 ἔκτεινε
1092 1240 1165 1284 καὶ
1190 1243 1268 1284 τὸν
1297 1241 1493 1296 ἀδελφόν
1517 1258 1554 1285 κ.
1576 1257 1609 1284 τ.
1629 1245 1665 1285 λ.
1697 1256 1794 1284 611111

236 1312 285 1352 fr.
329 1327 403 1367 ap„
438 1312 567 1353 schol.
605 1311 731 1353 Gron.
770 1328 808 1367 p.
841 1313 927 1354 439
966 1310 1093 1370 (Or.):
1143 1312 1246 1354 eiste
1290 1315 1461 1354 auctore
1505 1312 1708 1355 Sallustio
1751 1315 1796 1354 et

233 1382 408 1424 fratrem
441 1386 483 1424 et
515 1398 704 1424 sororem
741 1382 914 1437 occidit,
951 1383 1003 1424 ad
1033 1385 1298 1438 postremum
1327 1382 1513 1439 (matri)
1544 1397 1794 1440 comparans

234 1451 433 1494 exitium'
461 1455 504 1494 et
530 1453 579 1494 fr.
604 1451 646 1494 H
670 1453 744 1495 45:
772 1452 875 1495 ‘Sed
899 1453 1172 1494 Mithridates
1198 1456 1387 1495 extrema
1405 1443 1589 1508 pueritia
1613 1468 1795 1511 regnum

233 1524 453 1580 ingressus
490 1527 626 1566 matre
669 1539 745 1566 sua
781 1539 944 1566 veneno
976 1524 1241 1580 interfecta’3
1278 1525 1459 1567 fortasse
1496 1527 1640 1567 autem
1675 1527 1795 1567 totus

234 1595 361 1637 huius
387 1595 539 1650 capitis
564 1595 662 1637 finis
687 1595 784 1637 inde
810 1611 835 1637 a
859 1595 1001 1637 verbis
1026 1597 1210 1652 φονικὸς
1235 1593 1284 1638 δὲ
1309 1594 1382 1638 καὶ
1408 1596 1524 1651 ὠμὸς
1542 1600 1632 1639 κτλ.
1657 1611 1680 1638 6
1705 1594 1794 1638 Sal⁴

233 1666 365 1708 lustio
397 1669 622 1722 excerptus
653 1669 730 1709 est.

353 1787 378 1838 §
404 1786 442 1827 6.
485 1785 764 1827 Frontinus
791 1800 864 1827 sex
889 1784 950 1826 rei
975 1784 1174 1827 militaris
1200 1754 1402 1840 exempla·
1423 1799 1475 1826 ex
1499 1783 1603 1826 belli
1627 1783 1794 1827 Mithri-

234 1855 362 1896 datici
394 1855 575 1897 historia
601 1855 795 1911 sumpsit,
820 1870 842 1896 e
869 1855 1025 1910 quibus
1055 1854 1102 1897 II
1129 1856 1172 1910 1,
1200 1856 1254 1897 14
1285 1857 1328 1896 et
1357 1854 1405 1896 II
1429 1857 1470 1911 2,
1493 1856 1522 1898 4
1553 1854 1624 1913 ((16
1648 1870 1794 1912 pugna

233 1924 612 1983 Tigranocertana)
644 1941 665 1967 e
697 1926 818 1968 Livio
830 1924 863 1982 ¹)
893 1926 1048 1968 hausta
1079 1928 1191 1980 sunt,
1224 1940 1319 1968 cum
1352 1926 1462 1968 sicut
1488 1925 1606 1968 Oros.
1626 1923 1688 1968 VI
1707 1928 1746 1982 3,
1766 1927 1793 1969 6

233 1997 527 2039 Mithridatem
570 2011 739 2053 pugnae
783 1996 953 2038 affuisse
991 1997 1161 2038 tradant
1198 1999 1241 2038 et
1278 2011 1375 2038 611111
1412 1996 1560 2038 eodem
1598 1996 1648 2040 de
1685 1996 1794 2039 tiara
1859 2020 1861 2022 ·

235 2083 260 2110 a
291 2067 473 2124 Tigrane
506 2067 672 2109 abiecta
703 2070 952 2124 congruant.
992 2093 1046 2097 -—
1078 2067 1143 2109 De
1175 2067 1379 2122 exemplis
1409 2066 1457 2109 II
1481 2067 1526 2124 5,
1553 2069 1616 2110 30
1646 2070 1690 2110 et
1719 2066 1794 2110 III

238 2140 315 2193 13,
342 2140 368 2180 6
400 2153 527 2194 supra
558 2138 643 2179 iam
675 2137 774 2179 dixi.
807 2163 861 2167 —-
895 2138 1004 2179 Tum
1034 2137 1108 2179 Ps.
1139 2137 1307 2179 Front.
1338 2137 1408 2180 IV
1434 2138 1478 2193 5,
1503 2139 1564 2180 21
1597 2137 1669 2196 (de
1699 2152 1792 2194 cap-

235 2209 337 2251 tivis
381 2206 618 2265 Cyzicenis)
659 2208 870 2264 discrepat
913 2209 966 2250 ab
998 2207 1119 2264 App.
1160 2210 1233 2264 73,
1283 2223 1380 2250 cum
1425 2208 1582 2264 captivi
1623 2207 1796 2251 fortiter

234 2281 452 2322 fortunam
488 2279 638 2321 tulisse
677 2282 943 2334 enarrentur,
982 2278 1205 2335 Appianus
1242 2294 1341 2321 vero
1380 2294 1452 2322 eos
1487 2277 1690 2322 flebiliter
1725 2278 1792 2338 de?

233 2354 456 2406 precantes
479 2350 618 2393 faciat.
657 2350 898 2392 Romanum
922 2350 1057 2407 igitur
1083 2350 1347 2406 suspicamur
1365 2351 1542 2405 fontem,
1561 2352 1604 2392 et
1621 2349 1792 2392 Livium

236 2422 419 2477 quidem,
450 2436 547 2463 611111
572 2420 800 2463 Sallustius
830 2421 912 2463 hoc
937 2421 983 2463 in
1006 2421 1118 2463 libro
1143 2435 1356 2477 nusquam
1380 2423 1592 2477 appareat.
1639 2419 1792 2463 Restat

234 2492 380 2535 Front.
410 2491 458 2535 II
485 2494 528 2548 7,
555 2493 599 2547 8,
636 2507 720 2547 quo
758 2507 826 2534 res
863 2492 967 2534 alibi
997 2506 1084 2534 non
1115 2492 1273 2533 tradita
1303 2491 1557 2546 continetur,
1588 2505 1716 2547 quam
1746 2490 1792 2533 in

236 2563 457 2605 obsidione
495 2562 635 2617 Cyzici
673 2563 830 2604 factam
868 2577 959 2604 esse
995 2562 1353 2604 verisimillimum
1389 2564 1472 2617 est,
1499 2561 1710 2617 ,quoniam
1740 2575 1789 2603 eo

235 2637 427 2689 tempore
459 2633 627 2689 saepius
653 2633 820 2675 ordines
852 2633 1042 2675 deserere
1068 2633 1209 2675 conati
1235 2636 1335 2675 sunt
1365 2631 1524 2675 milites
1553 2631 1747 2674 Romani.
1757 2630 1792 2689 ²)

357 2764 395 2807 1)
419 2762 599 2797 Attamen
630 2761 776 2797 Bludau
807 2762 1006 2806 utrumque
1037 2761 1248 2806 exemplum
1280 2760 1461 2797 Sallustio
1493 2758 1685 2798 vindicare
1715 2770 1791 2794 non

237 2821 399 2856 dubitat.

356 2882 392 2925 2)
419 2878 471 2915 Cf.
499 2869 589 2916 Sall.
613 2879 656 2916 fr.
682 2880 735 2915 III
760 2883 820 2923 363
846 2879 982 2916 Memn.
1008 2883 1070 2923 403
1098 2879 1192 2924 App.
1221 2884 1276 2915 72.
