1916 3178
875 159 1046 202 —38
1110 184 1202 228 ——·

243 267 455 310 ‘infelices
486 266 736 308 cadaverum
767 265 968 321 reliquias
999 265 1141 307 sallire
1177 279 1265 308 non
1296 263 1530 306 dubitavit'
1563 279 1585 306 e
1616 261 1715 307 Sall.
1743 265 1798 307 fr.

242 337 304 380 III
330 340 375 380 6:
415 337 561 379 eParte
605 338 856 391 consumpta
893 336 1057 391 reliqua
1097 336 1347 378 cadaverum
1384 334 1437 375 ad
1473 333 1799 377 diuturnitatem

244 424 346 451 usus
389 407 610 450 sallerent'
652 406 788 462 petita
826 421 916 449 esse
961 410 1153 463 apparet3
1198 406 1342 462 itaque
1380 405 1583 448 Sallustio
1621 405 1800 448 debetur

245 478 367 521 fonti.
434 477 639 520 Eiusdem
682 476 744 518 rei
780 477 1041 520 mentionem
1079 492 1247 533 quoque
1285 476 1388 519 facit
1424 475 1687 519 Iuvenalis
1720 478 1798 519 sat.

243 549 324 591 XV
349 538 404 591 93
420 563 479 603 sq.
518 573 572 577 —
611 547 805 602 Denique
836 547 903 589 IX
930 548 1007 604 15,
1039 550 1066 590 3
1104 548 1173 604 (de
1205 547 1294 590 filio
1328 545 1505 590 Sertorii
1542 543 1672 604 falso)
1707 560 1799 589 rem

243 618 374 661 tradit
406 618 575 659 aliunde
606 633 693 660 non
722 621 880 660 notam.

361 689 543 731 Restant
573 689 750 731 minoris
782 689 988 731 momenti
1021 689 1192 744 quidam
1224 688 1465 744 scriptores,
1491 702 1513 730 e
1537 687 1694 743 quibus
1718 687 1800 744 pri-

245 775 364 802 mum
407 760 607 802 adeamus
649 759 854 801 Florum
897 758 943 801 II
984 761 1053 802 10.
1133 759 1214 810 Qui
1258 759 1498 814 complures
1539 758 1622 801 hoc
1663 758 1802 815 capite

249 830 463 873 commisit
489 845 666 885 errores,
691 829 802 872 sicut
826 830 1024 872 Baleares
1055 830 1216 872 insulas
1246 845 1323 885 pro
1348 829 1569 885 Pithyusis
1597 828 1804 885 nominat,

249 901 398 943 deinde
429 900 670 943 Domitium
707 900 909 943 rhetorici
946 901 1111 968 flospuli
1143 916 1269 943 causa
1300 901 1412 943 inter
1442 901 1608 957 legatos
1638 899 1803 943 Metelli

245 975 442 1015 numerat
474 975 530 1029 (v.
563 969 721 1028 supra).
771 971 872 1013 Mox
903 971 1086 1013 oratorie
1122 971 1390 1013 ‘Hirtuleios’
1423 973 1726 1014 commemorat
1755 974 1805 1013 ut

247 1043 460 1100 significet
502 1042 766 1084 Hirtuleium
815 1045 1100 1098 quaestorem,
1143 1042 1408 1084 Herennium
1456 1042 1614 1084 aliosve
1658 1041 1803 1097 duces3

253 1129 336 1169 qua
372 1113 490 1155 Flori
527 1128 628 1155 voce
667 1113 832 1168 decepti
844 1111 876 1169 ¹)
914 1112 1090 1155 Orosius
1127 1116 1255 1168 atque
1287 1115 1413 1155 auct.
1451 1113 1488 1154 d.
1527 1112 1614 1154 vir.
1646 1111 1716 1154 ill.
1747 1113 1804 1156 63
1892 1160 1898 1164 ,

248 1186 424 1227 ‘fratres
455 1182 714 1226 Hirtuleios'
752 1184 804 1225 ad
841 1183 1066 1239 Segoviam
1102 1187 1295 1226 mortuos
1333 1199 1423 1226 esse
1461 1183 1543 1226 sibi
1573 1184 1806 1239 finxerunt3

249 1259 293 1297 at
324 1254 495 1297 omnino
532 1269 619 1296 non
651 1254 804 1295 fratres
836 1254 909 1296 sed
940 1269 1072 1296 unum
1103 1254 1366 1296 Hirtuleium
1397 1254 1589 1296 extitisse
1621 1268 1644 1295 e
1674 1252 1803 1295 Fron-

247 1326 352 1380 tino,
371 1325 505 1380 Livio,
525 1324 727 1367 Sallustio
754 1324 858 1366 satis
883 1340 1092 1380 superque
1119 1325 1266 1367 elucet.
1286 1325 1509 1367 Postremo
1535 1339 1643 1380 quae
1661 1326 1807 1366 narrat

249 1397 299 1438 de
332 1395 456 1450 Osca,
486 1396 722 1450 Termeste,
761 1395 928 1452 Clunia,
959 1395 1176 1450 Valentia,
1206 1395 1385 1451 Uxama,
1417 1394 1639 1451 Calagurri
1669 1409 1695 1436 a
1723 1394 1806 1437 Ro-

247 1467 385 1509 manis
416 1466 625 1522 subactis,
662 1481 758 1508 cum
790 1455 1043 1508 conveniant
1081 1481 1177 1508 cum
1207 1467 1344 1522 Exup.
1376 1482 1415 1521 p.
1442 1467 1482 1521 5,
1509 1467 1562 1509 16
1572 1463 1626 1523 ²),
1656 1465 1807 1508 discre-

248 1541 352 1593 pent
383 1538 436 1579 ab
463 1536 614 1579 Orosio
639 1537 680 1579 V
706 1539 774 1592 23,
799 1539 844 1579 4:
876 1537 1145 1580 ‘civitatibus
1175 1553 1275 1579 vero
1302 1537 1465 1579 cunctis
1496 1536 1612 1579 ultro
1642 1550 1692 1578 ao
1716 1535 1807 1578 sine

250 1623 369 1650 mora
399 1622 475 1662 per
501 1607 760 1648 deditionem
791 1607 975 1663 acceptis
1007 1608 1112 1649 duae
1144 1610 1312 1649 tantum
1344 1607 1606 1662 restiterunt,
1637 1607 1719 1649 hoc
1743 1609 1808 1648 est

249 1679 417 1722 Uxama
449 1681 491 1719 et
524 1677 766 1733 Calagurris
777 1678 802 1733 ²,
833 1693 855 1719 e
887 1678 1089 1720 Sallustio
1121 1678 1264 1720 addita
1295 1681 1405 1720 sunt.

367 1748 667 1791 Strabonem
717 1749 836 1790 cuius
891 1749 1270 1804 hypomnematum
1319 1748 1571 1805 fragmentis
1622 1748 1807 1791 72—75

249 1817 378 1877 (Ott.)
410 1820 460 1860 de
486 1819 598 1860 bello
610 1800 868 1861 'Sertoriano
894 1820 1049 1876 agitur,
1079 1820 1218 1862 varios
1244 1823 1438 1862 auctores
1464 1819 1707 1861 adhibuisse
1731 1833 1808 1874 per

251 1906 295 1932 se
326 1893 455 1945 patet.
504 1889 568 1931 Ac
598 1890 783 1944 primum
816 1891 866 1932 de
892 1890 1080 1933 Sertorio
1113 1890 1157 1932 in
1181 1890 1317 1946 Libya
1348 1893 1541 1932 morante
1575 1889 1644 1947 (fr.
1678 1891 1734 1932 72
1765 1893 1808 1931 et

250 1961 362 2016 apud
386 1961 499 2002 Plut.
525 1959 630 2002 Sert.
658 1959 705 2016 9)
736 1961 968 2003 Tanusium
1000 1961 1226 2003 Geminum
1237 1959 1272 2018 ³)
1302 1961 1458 2003 laudat.
1507 1960 1684 2002 Maximi
1709 1963 1810 2002 sunt

253 2032 403 2074 deinde
440 2031 646 2073 momenti
684 2047 791 2086 quae
828 2033 878 2073 fr.
906 2034 961 2074 73
994 2035 1036 2073 et
1069 2033 1150 2074 74a
1181 2032 1231 2073 de
1262 2031 1489 2087 postremis
1520 2030 1698 2074 Sertorii
1727 2030 1809 2073 Ro-

252 2117 558 2158 manorumque
595 2102 752 2158 pugnis
788 2103 1035 2157 narranturJ
1072 2103 1145 2144 sed
1181 2117 1308 2157 quem
1346 2102 1399 2144 ad
1435 2103 1599 2144 fontem
1635 2102 1810 2144 redeant

250 2189 337 2216 non
367 2173 514 2228 liquet.
581 2173 706 2229 Frag.
735 2174 816 2216 74¹³
849 2174 920 2230 (de
951 2173 1106 2215 Dianio
1143 2171 1291 2229 portu)
1329 2174 1510 2215 fortasse
1543 2187 1594 2214 ex
1625 2172 1723 2215 Sall.
1754 2172 1805 2215 fr.

250 2244 270 2286 I
297 2245 348 2287 77
384 2246 426 2285 et
457 2244 506 2284 fr.
534 2244 589 2285 75
615 2243 686 2300 (de
718 2244 904 2299 tropaeis
936 2259 960 2285 a
984 2244 1189 2299 Pompeio
1215 2242 1388 2300 positis)
1421 2258 1443 2285 e
1469 2243 1567 2286 Sall.
1593 2244 1642 2285 fr.
1661 2242 1724 2286 IV
1749 2245 1805 2286 29

251 2314 455 2373 (quocum
487 2314 678 2355 conferas
710 2314 846 2369 Exup.
878 2330 917 2369 p.
944 2316 984 2370 5,
1012 2313 1085 2370 18)
1117 2315 1319 2356 haustum
1351 2317 1426 2357 est.

369 2383 570 2426 Plinius
601 2400 640 2426 11.
666 2385 706 2426 11.
738 2384 820 2426 VH
845 2386 1020 2427 95-96
1052 2385 1102 2426 de
1134 2385 1285 2427 iisdem
1316 2385 1503 2440 tropaeis
1534 2383 1704 2427 disserit
1733 2384 1808 2426 sed

252 2456 389 2497 multo
422 2454 635 2509 copiosius
675 2470 803 2510 quam
835 2455 1063 2498 Sallustius
1100 2470 1148 2497 ac
1178 2455 1349 2511 Strab03
1380 2471 1477 2498 cum
1507 2457 1651 2497 autem
1681 2455 1807 2497 index

252 2529 420 2581 praeter
459 2525 702 2567 Cornelium
738 2526 951 2581 Nepotem
986 2526 1156 2568 Livium
1191 2526 1415 2582 praecipue
1446 2513 1648 2582 appellet,
1679 2529 1806 2582 atque

375 2656 408 2699 1)
433 2653 564 2697 Neque
590 2664 676 2688 vero
702 2653 824 2689 minus
849 2655 949 2689 recte
974 2654 1072 2688 hunc
1098 2664 1260 2689 errorem
1286 2653 1471 2699 epitomae
1490 2653 1669 2689 Livianae
1695 2653 1802 2689 attri-

252 2713 364 2757 buas,
391 2723 436 2747 ex
461 2723 536 2756 qua
561 2713 626 2747 aut
650 2713 725 2747 tres
750 2712 809 2747 illi
835 2714 901 2748 aut
927 2712 1079 2748 Orosius
1103 2712 1350 2757 Aureliusque
1376 2713 1590 2747 hauserunt.

374 2774 408 2814 2)
434 2771 514 2806 Hoc
539 2771 691 2815 quidem
715 2771 793 2807 iam
817 2771 954 2807 Linker
978 2772 1136 2816 viderat⁷
1161 2782 1282 2816 neque
1306 2771 1428 2806 minus
1453 2770 1570 2816 Heyn.
1597 2783 1632 2816 p.
1654 2775 1710 2807 52.

373 2833 407 2874 3)
436 2831 612 2877 Γαβίνιος
635 2831 696 2866 vel
718 2832 891 2872 Τανίσιος
916 2830 1033 2876 codd„
1063 2830 1247 2871 Τανύσιος
1271 2829 1366 2865 coni.
1386 2828 1499 2864 Niese
1517 2828 1557 2864 in
1578 2828 1805 2865 Mus.Rhen.

256 2889 443 2924 XXXVIII
463 2893 542 2924 601.
