1976 3190
549 138 816 184 Fragmentum
841 141 897 173 87.
925 158 969 163 —-
995 136 1194 173 Enarratio
1221 140 1372 173 88-98.
1691 136 1746 177 97

179 248 330 306 aquae'
379 265 503 303 quam
546 254 588 291 et
624 250 841 291 Sallustius
884 251 926 289 et
967 251 1186 289 Frontinus
1228 252 1424 302 referunt,
1474 251 1750 302 expugnatum

178 313 301 363 esset;
332 313 455 362 atque
480 311 584 351 unde
611 310 834 362 explicatur
858 310 930 348 illa
955 312 1112 362 egestas
1138 323 1267 361 aquae
1294 323 1318 349 a
1345 310 1537 349 Sallustio
1563 309 1636 349 col.
1656 310 1701 361 B,
1723 310 1747 348 6

176 370 314 411 dicta?
362 371 538 424 Accedit,
570 371 679 423 quod
708 369 906 409 tumultui
937 369 1230 420 oppidanorum
1261 372 1408 420 quarta
1433 371 1619 410 columna
1645 382 1749 408 com-

178 433 398 472 memorato
442 431 612 471 alteram
654 431 784 470 denuo
828 429 1075 469 obsidionem
1118 430 1445 480 aversionemque
1488 429 1665 468 fluminis
1710 430 1751 468 et

179 490 349 531 alteram
393 491 506 530 urbis
549 490 791 530 deditionem
835 489 1068 528 successisse
1111 490 1274 528 minime
1318 490 1424 529 credi
1468 491 1618 541 potest;
1668 489 1750 527 iam

179 550 287 603 cepit
317 550 513 591 Servilius
544 551 678 590 locum
709 549 972 601 superiorem,
1010 549 1188 600 possidet
1224 549 1306 588 iam
1342 562 1496 601 muros,
1534 551 1645 588 tenet
1682 549 1749 588 ob-

178 610 299 650 sides:
318 610 458 662 itaque
477 611 703 650 tumultum
714 610 832 648 illum
844 609 1077 649 brevissimo
1098 609 1330 661 profligasse
1350 609 1596 660 putaverim3
1620 622 1749 659 neque

177 669 338 710 omnino
363 683 438 723 res,
465 683 566 722 quas
583 670 739 710 Hauler
756 670 912 708 narrari
937 669 1131 721 postulat,
1157 669 1329 708 duorum
1355 669 1545 708 foliorum
1572 669 1750 719 spatium

174 729 295 782 capit.
350 730 496 782 Itaque
528 731 584 770 sic
615 731 854 782 statuamus,
885 729 1125 768 Frontinum
1156 742 1282 779 aeque
1316 741 1362 767 ac
1388 729 1628 767 Sallustium
1659 742 1749 767 nar—

174 803 284 830 rasse
326 790 511 830 Isauram
552 790 739 830 Veterem
776 802 914 829 averso
958 789 1122 828 flumine
1161 791 1434 840 expugnatam
1472 801 1567 828 esse.
1636 788 1751 835 Quod

174 850 324 890 falsum
364 863 449 890 esse
490 863 582 890 cum
623 864 644 890 e
683 849 860 901 regionis
900 851 1047 888 natura
1084 849 1378 901 intelligamus,
1425 848 1665 888 Sallustium
1703 861 1749 887 ex

173 909 406 963 ignorantia
418 911 598 950 locorum
610 910 685 962 hic,
700 910 820 949 sicuti
833 909 1005 960 saepius,
1019 910 1124 948 falsa
1137 909 1349 948 tradidisse
1362 909 1533 948 libenter
1542 909 1749 960 largimur.

777 1173 985 1221 CAPUT
1026 1172 1151 1236 VI.*)

203 1278 297 1323 Res
328 1279 380 1322 in
409 1276 645 1334 Hispania
676 1278 766 1322 sub
796 1278 937 1322 finem
970 1278 1083 1321 anni
1113 1278 1137 1321 7
1145 1278 1172 1320 5
1205 1278 1388 1334 gestae,
1421 1278 1486 1323 fr.
1514 1277 1718 1324 88—98.

837 1393 1087 1431 Enarratio.

292 1469 343 1513 In
372 1469 586 1527 Hispania
622 1473 829 1513 autumno
869 1470 969 1513 anni
1003 1471 1060 1514 75
1098 1471 1257 1514 fractae
1292 1474 1419 1514 antea
1456 1474 1748 1528 contusaeque

173 1541 264 1585 fere
296 1541 476 1586 Sertorii
515 1558 583 1585 res
614 1558 761 1586 rursus
798 1542 1056 1586 invalescere
1094 1546 1347 1600 coeperunt3
1386 1543 1545 1586 etenim
1578 1543 1750 1587 evitatis

172 1613 408 1657 maioribus
432 1614 622 1671 proeliis,
646 1614 865 1658 Romanos
891 1614 1058 1657 insidiis
1077 1615 1216 1672 magis
1243 1630 1291 1658 ac
1317 1615 1544 1658 latrocinio
1571 1615 1648 1675 (fr.
1671 1615 1747 1675 88)
1762 1616 1817 1659 88

173 1701 405 1745 aggressus
443 1689 730 1748 commeatum
770 1686 824 1729 iis
862 1686 1124 1743 interclusit3
1167 1687 1300 1730 Plut.
1332 1687 1457 1731 Sert.
1497 1703 1529 1730 c.
1557 1690 1631 1731 21:
1674 1687 1749 1732 καὶ

176 1757 313 1802 πάλιν
338 1757 460 1816 ἐπῄει
481 1761 625 1809 πολὺς
655 1760 851 1814 γεγονὼς
875 1758 948 1802 καὶ
973 1758 1260 1815 περιέκοπτεν
1285 1759 1433 1803 αὐτῶν
1458 1761 1540 1816 τὴν
1562 1758 1644 1817 μὲν
1663 1761 1748 1804 ἀπὸ

172 1836 252 1886 τῆς
281 1836 362 1886 γῆς
392 1830 606 1888 εὐπορίαν
638 1829 839 1888 ἐνέδραις
868 1821 942 1874 καὶ
974 1832 1218 1875 κυκλώσεσι
1250 1830 1324 1874 καὶ
1355 1838 1421 1890 τῷ
1454 1835 1749 1889 πανταχόσε

173 1908 368 1959 φοιτᾶν
410 1901 532 1955 ὀξὺς
574 1901 735 1946 ἐπιών
779 1901 855 1960 (fr.
885 1901 982 1961 89),
1025 1904 1078 1946 τὰ
1116 1902 1158 1946 δ’
1194 1902 1241 1946 ἐκ
1276 1904 1502 1958 θαλάττης
1539 1905 1819 1960 λῃστρι-89

172 1981 288 2026 κοῖς
318 1974 542 2030 σκάφεσι
572 1973 768 2031 κατέχων
799 1974 875 2033 (fr.
903 1973 980 2033 90)
1012 1976 1094 2030 τὴν
1129 1978 1371 2033 παραλίαν,
1408 1976 1521 2019 ὥστε
1558 1976 1748 2032 ἠναγκά-
1762 1976 1820 2018 90

175 2050 356 2101 σθησαν
392 2046 440 2090 οἰ
475 2045 712 2104 στρατηγοὶ
750 2045 1043 2098 διαλυθέντες
1082 2048 1105 2091 ὁ
1143 2045 1224 2104 μὲν
1261 2049 1326 2099 εἰς
1356 2049 1581 2092 Γαλατίαν
1619 2048 1749 2092 ἀπελ-

172 2114 278 2162 θεῖν
316 2116 427 2177 (scil.
467 2117 707 2177 Metellus),
750 2118 985 2175 Pompeius
1025 2134 1127 2162 vero
1169 2119 1213 2161 in
1253 2119 1543 2162 Vaccaeorum
1587 2120 1749 2162 finibus

175 2189 338 2246 oppida
368 2189 513 2247 aliqua
544 2205 794 2248 expugnare
826 2190 992 2233 studuit
1024 2190 1099 2250 (fr.
1126 2192 1196 2248 91,
1222 2190 1312 2250 92),
1344 2194 1490 2234 tamen
1515 2192 1832 2250 appropin-9l‚
1852 2193 1909 2235 92

176 2264 337 2318 quante
370 2261 560 2306 Sertorio
593 2264 637 2304 et
668 2261 786 2304 illius
823 2265 943 2304 metu
981 2265 1024 2305 et
1062 2262 1255 2306 omnium
1292 2278 1436 2306 rerum
1467 2263 1616 2319 inopia
1653 2264 1748 2306 abs-

175 2333 325 2377 cedere
365 2337 539 2377 coactus
577 2336 644 2376 est
686 2333 762 2392 (fr.
790 2332 878 2391 93).
945 2334 1148 2377 Metellus
1184 2334 1271 2377 iam
1313 2338 1440 2378 antea
1482 2336 1528 2378 in
1565 2335 1748 2378 Galliam
1764 2339 1820 2380 93

174 2405 414 2450 hiematum
444 2406 623 2463 abierat,
655 2405 848 2449 Titurius
879 2406 1048 2464 legatus
1074 2407 1120 2450 in
1140 2407 1374 2451 Celtiberia
1399 2407 1557 2451 mansit
1582 2406 1657 2465 (fr.
1679 2409 1747 2463 94,
1763 2410 1820 2452 94-

173 2476 266 2538 95),
295 2478 391 2535 ipse
415 2478 651 2535 Pompeius
677 2477 722 2520 in
746 2478 992 2522 Vasconum
1023 2479 1184 2522 finibus
1216 2480 1402 2523 hiemem
1434 2496 1561 2538 agere
1593 2480 1748 2523 consti·
1762 2481 1820 2523 95

172 2549 270 2594 tuit.
330 2549 479 2607 Atque
511 2550 574 2593 ibi
607 2550 861 2606 interceptis
892 2551 947 2594 ab
979 2550 1188 2608 Hispanis
1221 2553 1532 2595 commeatibus
1566 2551 1642 2610 (fr.
1669 2551 1746 2611 96)
1761 2553 1817 2595 96

173 2624 353 2679 totaque
388 2622 473 2665 iam
508 2622 669 2665 dudum
707 2625 964 2679 consumpta
988 2638 1038 2678 ure
1072 2623 1275 2667 familiari
1311 2624 1387 2682 (fr.
1417 2623 1494 2682 97)
1537 2627 1746 2682 senatum,
1761 2626 1815 2667 97

142 2729 146 2734 .
171 2696 222 2737 ut
251 2693 413 2738 auxilia
438 2694 751 2751 pecuniamque
782 2694 867 2737 sibi
889 2694 1100 2753 mitteret,
1132 2697 1287 2739 acerba
1312 2695 1499 2752 epistula
1524 2695 1748 2739 admonuit

150 2764 216 2826 ,β’
220 2781 254 2810 r.
285 2765 376 2824 98).
1760 2769 1816 2812 98

292 2872 324 2919 ¹')
348 2873 399 2909 Et
422 2872 571 2908 Isauros
598 2872 787 2909 subiectos
813 2875 852 2909 et
875 2885 934 2910 res
960 2873 1003 2911 fr.
1025 2878 1164 2910 88-91
1186 2877 1358 2910 narratas
1380 2886 1455 2910 uno
1475 2874 1616 2910 codicis
1642 2873 1745 2910 illius

173 2930 272 2956 nunc
296 2920 471 2967 rescripti
495 2920 589 2956 folio
614 2920 799 2957 contineri
826 2933 938 2968 supra
962 2923 1101 2959 monui.

245 2986 266 3014 8
273 2995 291 3014 a
299 2988 310 3013 l
317 2988 328 3014 1
335 2995 356 3014 u
363 2996 377 3014 ι
385 2990 398 3014 t
406 2988 416 3014 i
423 2996 444 3014 u
452 2996 480 3023 s,
500 2987 547 3015 ed.
566 2987 830 3015 Maurenbreeher.
856 2989 897 3015 11.
1440 2986 1459 3018 7
