2034 3184
928 749 1157 803 LIBER
1210 749 1273 802 V.

841 855 1363 918 ARGUMENTUM.

428 1058 491 1100 'In
529 1057 669 1113 quinti
706 1056 808 1098 libri
845 1055 1024 1098 materia
1060 1055 1324 1110 disponenda
1367 1058 1583 1099 auctorem
1623 1055 1745 1112 sequi
1780 1055 1882 1099 licet
1935 1051 1943 1056 ⁴

325 1129 549 1186 optimum,
581 1128 743 1170 scilicet
768 1127 951 1170 Dionem
978 1126 1189 1183 Cassium3
1221 1127 1407 1182 primum
1433 1127 1567 1183 igitur
1590 1127 1732 1170 locum
1762 1129 1882 1170 tenet

326 1201 487 1242 bellum
524 1199 843 1255 Armeniacum,
881 1198 1001 1240 cuius
1037 1213 1105 1240 res
1140 1197 1238 1239 inde
1276 1198 1330 1240 ab
1369 1200 1575 1240 autumno
1613 1198 1714 1240 anni
1741 1199 1797 1242 68
1826 1184 1884 1241 ad

324 1272 454 1313 finem
485 1270 586 1312 anni
613 1271 665 1312 67
699 1269 901 1311 deductas
932 1283 1024 1310 esse
1057 1283 1079 1310 6
1110 1267 1249 1310 Dione
1281 1271 1408 1324 atque
1446 1283 1499 1311 ex
1535 1269 1788 1326 fragmentis
1822 1284 1884 1313 se-

326 1342 484 1398 quitur.
547 1340 626 1383 Cui
658 1340 851 1383 subiecta
882 1339 965 1382 fuit
995 1339 1065 1381 lex
1098 1338 1298 1394 Gabinia,
1332 1339 1430 1382 dein
1462 1340 1624 1383 bellum
1654 1340 1884 1396 piraticum

325 1412 530 1468 Pompeio
550 1412 654 1453 duce
674 1414 857 1468 gestum,
875 1411 1029 1452 turbae
1043 1410 1204 1452 Romae
1224 1425 1248 1451 a
1263 1409 1459 1453 Cornelio
1480 1411 1689 1454 excitatae
1703 1415 1884 1457 ceterae-

327 1498 409 1539 que
446 1497 513 1525 res
550 1483 739 1531 urbanae
777 1482 877 1523 anni
910 1483 977 1524 67.
1038 1481 1206 1540 Atquex
1221 1481 1383 1523 bellum
1419 1481 1633 1524 Creticum
1672 1497 1824 1540 resque
1860 1499 1886 1526 a

328 1554 374 1605 Q.
400 1554 575 1596 Metello
607 1556 723 1595 actas
756 1568 843 1595 non
875 1555 1091 1594 enarratas
1128 1567 1219 1594 esse
1256 1552 1448 1594 historiis
1486 1552 1532 1595 in
1562 1553 1885 1611 Prolegomenis

330 1642 369 1681 p.
399 1627 453 1669 72
468 1641 529 1681 sq.
562 1625 647 1667 iam
678 1624 836 1667 monui.

969 1875 1174 1923 CAPUT
1212 1875 1248 1922 I.

593 1980 721 2023 Belli
753 1993 780 2023 a
810 1975 1019 2023 Lucullo*
1045 1979 1171 2033 gesti
1200 1979 1332 2036 finis,
1365 1979 1430 2024 fr.
1459 1977 1626 2025 1—16.

987 2093 1235 2131 Euan-atio.

449 2170 494 2212 L.
533 2170 711 2212 Lucullo
761 2185 839 2225 per
887 2172 1139 2212 autumnum
1181 2169 1370 2214 Nisibim
1417 2169 1641 2212 obsidente
1683 2169 1889 2226 Tigranes

332 2241 560 2284 Armeniae
592 2244 736 2296 partes
767 2256 791 2282 a
816 2241 1021 2283 Romanis
1052 2241 1137 2283 iam
1165 2244 1393 2296 occupatas
1425 2240 1510 2283 sibi
1539 2240 1742 2296 repetivit
1774 2239 1913 2296 (Dio‘

289 2312 310 2354 1
334 2327 366 2355 c.
388 2310 452 2369 8)3
478 2311 605 2354 simul
623 2311 895 2354 Mithridates
921 2311 1066 2354 subito
1093 2312 1137 2354 in
1156 2312 1343 2354 Pontum
1368 2309 1624 2370 invasitffr.
1647 2310 1704 2369 1),
1730 2311 1891 2367 oppida

287 2384 313 2425 2
335 2398 409 2425 sua
433 2382 596 2438 recepit
619 2380 693 2439 (fr.
715 2381 773 2439 2),
799 2382 970 2437 incolas,
997 2383 1050 2424 ad
1069 2398 1160 2425 sese
1186 2386 1235 2425 ut
1260 2383 1499 2437 deficerent,
1522 2382 1642 2425 brevi
1661 2381 1890 2425 commovit

287 2455 312 2495 3
334 2453 408 2511 (fr.
441 2452 506 2511 3),
555 2453 727 2508 iamque
777 2468 873 2495 cum
897 2454 971 2513 M.
1008 2454 1144 2496 Fabio
1188 2453 1405 2496 Hadriano
1451 2453 1594 2510 legato
1638 2468 1899 2511 congressus·

331 2524 611 2579 necopinatos
642 2523 859 2566 Romanos
890 2539 1025 2579 paene
1058 2524 1290 2581 oppressit,
1328 2525 1402 2566 sed
1438 2524 1531 2580 ipse
1562 2539 1637 2567 rex
1668 2524 1714 2567 in
1743 2538 1891 2581 pugna

122 2597 162 2653 4,
176 2596 215 2652 5,
233 2596 272 2653 6,
287 2597 309 2638 7
332 2595 502 2638 fortiter
528 2594 733 2638 dimicans
759 2594 832 2652 (fr.
858 2597 899 2651 4,
922 2593 968 2652 5)
1000 2595 1246 2637 vulneratus
1273 2597 1338 2637 est
1363 2594 1437 2653 (fr.
1464 2596 1503 2652 6,
1524 2597 1561 2638 7.
1582 2621 1637 2626 —-
1657 2594 1752 2637 Dio
1777 2609 1810 2637 c.
1831 2593 1890 2651 9).

335 2693 390 2698 -—
417 2665 499 2709 Sed
527 2666 688 2708 Fabius
715 2665 892 2708 Cabirae
925 2666 1125 2709 obsessus
1156 2669 1300 2708 tamen
1332 2667 1451 2709 brevi
1484 2682 1508 2708 a
1539 2666 1702 2709 Triario
1734 2680 1787 2708 ex
1817 2666 1892 2708 ob-

334 2737 497 2780 sidione
529 2737 694 2779 solutus
727 2740 809 2793 est,
847 2752 930 2792 quo
962 2737 1338 2792 appropinquante
1375 2752 1451 2780 rex
1483 2737 1669 2780 Comana
1698 2737 1892 2779 recedere

336 2812 506 2850 coactus
543 2808 605 2850 ibi
643 2824 667 2850 a
705 2808 872 2850 duobus
908 2808 1198 2850 Romanorum
1239 2808 1419 2851 ducibus
1456 2808 1573 2850 clade
1610 2809 1786 2850 affectus
1827 2810 1893 2850 est

336 2879 450 2936 <Dio
478 2895 510 2921 c.
539 2878 625 2937 10).
