1916 3178
238 69 337 95 *cf-:⁵-
360 71 362 73 ’

235 102 238 105 .
251 100 264 110 Ἰ
294 98 299 100 “
319 94 322 98 ”
338 94 341 98 ”

191 139 271 185 „
324 119 325 122 ’
797 169 852 174 -
915 144 971 187 57
1036 170 1090 175 —

202 248 344 304 ,De
377 251 550 296 foedere
585 250 851 295 Mithridatis
889 253 933 294 et
969 221 1148 295 Sertorii
1187 251 1399 295 Orosius
1430 251 1492 295 VI
1518 254 1652 308 2,12
1690 256 1734 295 et

252 323 400 369 cha
430 325 494 368 93
524 337 624 368 cum
651 322 766 366 Plut.
798 321 907 366 Sert.
938 324 996 367 23
1006 325 1139 378 -24,
1171 324 1312 379 quoad
1342 324 1515 380 quidem
1546 324 1734 367 iudicare

108 436 118 446 v,
186 406 198 444 's
258 414 276 432 «τ
301 414 379 433 α’»
421 394 714 451 consentiunt3
745 394 1001 437 conferenda
1026 409 1196 450 quoque
1228 398 1329 437 sunt
1355 395 1496 438 Orosii
1529 395 1734 439 Fannius

127 454 185 485 ⁶⁹³¹
208 470 221 478 ”
182 462 251 576 fig*
281 488 320 521 ⁷·‘.·
346 482 398 511 us
423 466 476 511 de
501 465 691 510 exercitu
715 465 932 508 Fimbriae
957 465 1154 522 profugi'
1180 481 1278 508 cum
1301 466 1543 510 Ps‚-Ascon.
1569 483 1608 524 p.
1632 469 1735 512 183:

275 539 445 597 aſsfiigae
494 538 546 581 (18
592 536 823 581 Valeriano
873 536 1090 580 exercitu?
1102 536 1136 594 ¹)
1209 537 1455 594 Antequam
1505 538 1735 583 Sallustius

241 610 462 655 Luculli
492 609 718 653 enarrandi
743 609 917 676 initium
948 609 1064 664 fecit,
1095 609 1147 652 de
1180 609 1370 652 exercitu
1397 609 1579 653 Pontico
1611 611 1735 667 plura

97 680 360 740 wel-ult
395 680 469 740 (81.
500 679 616 724 Ρ11111.
632 694 743 736 cap.
773 678 830 737 7).
899 679 1022 731 Quod
1060 679 1191 722 etiam
1220 679 1394 722 Livium
1430 681 1581 724 fecisse
1613 682 1735 725 disci-

89 761 269 825 ‘Q
283 767 307 796 8
330 764 431 810 per.
457 753 540 796 93:
572 750 834 808 ‘Apparatus
859 751 958 794 dein
983 751 1201 809 regiarum
1226 751 1447 807 copiarum
1471 754 1735 808 pedestrium

97 818 487 894 *aliumque
563 822 674 867 Cum
715 838 816 866 vero
861 822 1035 867 Servius
1084 824 1138 865 ad
1178 822 1285 866 Aen.
1330 822 1373 866 H
1408 825 1497 867 476
1542 825 1736 869 adnotet:

102 901 132 942 ἢ
115 894 388 954 qffllrribus
430 895 600 940 falcatis
639 910 740 939 usos
788 910 881 938 esse
921 895 1105 938 maiores
1149 898 1193 938 et
1231 895 1382 938 Livius
1422 898 1466 938 et
1506 895 1737 940 Sallustius

102 963 365 1028 ΜΗ,
380 967 497 1024 quod
526 966 781 1011 Sallustium
806 967 962 1010 fecisse
990 967 1036 1010 in
1067 963 1257 1010 exercitu
1287 967 1554 1011 Mithridatis
1585 968 1737 1011 descri-

94 1026 299 1088 bendo
328 1041 447 1084 recte
475 1038 598 1083 Kritz
607 1037 643 1097 ²)
674 1039 870 1095 coniecit,
894 1038 1026 1082 etiam
1051 1039 1236 1082 eadem
1225 1055 1271 1082 111
1296 1039 1516 1082 occasione
1542 1039 1738 1083 Servium

109 1104 153 1160 ’ἐξ
250 1110 325 1155 in
348 1109 477 1155 Livio
513 1110 752 1167 repperisse
790 1111 1043 1154 concludere
1080 1111 1207 1154 nobis
1249 1110 1370 1166 licet3
1412 1111 1560 1154 Livius
1603 1112 1739 1169 igitur

104 1179 268 1239 ἅιᾷὼὸ
309 1197 333 1227 θ
374 1181 582 1229 Sallustio
628 1182 823 1225 hausisse
866 1183 1083 1238 putandus
1122 1185 1198 1225 est.
1272 1144 1438 1226 Deinde
1483 1183 1738 1227 seditionem

88 1253 360 1322 ndstum,
390 1267 520 1310 quam
551 1268 705 1311 urgere
736 1253 931 1297 Sallustii
967 1254 1191 1311 proprium
1222 1257 1308 1311 est⁷
1338 1253 1576 1310 reperimus
1608 1254 1739 1298 etiam

83 1317 282 1384 “Qud
290 1323 476 1381 Livium,
506 1325 564 1368 cf.
583 1340 684 1382 per.
704 1326 788 1368 94:
821 1325 1042 1369 Lucullus
1062 1352 1116 1357 —
1141 1351 1194 1357 —-
1215 1328 1527 1382 poscentesque
1546 1341 1738 1383 pugnam

108 1396 322 1451 mlii-aes
363 1411 390 1441 a
433 1396 643 1440 seditione
686 1397 904 1440 inhibuit'
978 1398 1044 1441 De
1086 1397 1240 1441 nuntio
1285 1397 1361 1440 illo
1405 1398 1487 1440 sub
1531 1412 1643 1453 aqua
1685 1398 1739 1440 ad

158 1468 391 1527 Cyzicenos
432 1467 564 1513 misso
609 1468 885 1512 consentiunt
932 1469 1167 1512 Frontinus
1215 1468 1279 1512 H]
1322 1471 1395 1526 13,
1433 1471 1479 1525 6,
1521 1468 1676 1512 Florus
1718 1468 1740 1512 Ι

63 1538 75 1567 ’ἵ
157 1541 233 1600 40,
257 1541 332 1598 16,
357 1535 536 1584 Orosius
559 1539 588 1583 l.
613 1540 640 1583 l.
673 1542 699 1595 ἓ
728 1542 796 1597 14,
834 1555 942 1597 quos
973 1544 1062 1587 tres
1093 1556 1116 1584 e
1147 1541 1270 1584 Livio
1302 1541 1385 1584 hoc
1414 1541 1610 1584 hausisse
1642 1556 1738 1584 oon-

38 1608 114 1665 'j‘
159 1609 314 1670 statssk
346 1611 422 1656 sed
440 1611 600 1660 ,Livius
636 1615 776 1655 totam
812 1612 924 1656 hanc
960 1627 1053 1656 rem
1090 1613 1136 1656 in
1174 1612 1380 1656 Sallustio
1389 1611 1427 1670 4)
1457 1613 1579 1670 legit,
1611 1628 1739 1669 quem

27 1681 37 1691 ”
57 1675 83 1744 {j
156 1681 370 1742 quidem
363 1698 485 1729 more
514 1698 593 1727 suo
625 1684 848 1741 ampliavit
879 1688 1009 1741 atque
1041 1685 1275 1728 exornavit.
1331 1684 1527 1728 Ibidem
1557 1684 1603 1727 in
1630 1685 1739 1727 falsa

57 1759 92 1800 ⁸.-
119 1754 122 1762 ³
158 1753 448 1814 miptione
484 1755 605 1799 urbis
643 1755 786 1812 Cyzici
821 1756 970 1800 Livius
1008 1772 1107 1800 cum
1136 1756 1343 1800 Sallustio
1381 1757 1521 1799 facere
1558 1756 1740 1812 videtur,

70 1824 234 1882 fissae,
241 1827 392 1876 Erant.
419 1827 449 1872 l.
472 1827 519 1871 L:
558 1826 782 1871 ‘Introitus
813 1828 952 1886 urbis,
997 1828 1071 1884 qui
1103 1843 1233 1872 unus
1266 1831 1310 1871 et
1340 1831 1551 1886 angustus
1582 1831 1739 1884 ponte

90 1899 98 1903 ²
158 1899 359 1949 modico
394 1899 582 1945 insulam
618 1899 859 1943 continenti
895 1900 1066 1958 iungit'
1106 1903 1150 1943 et
1177 1899 1278 1945 Sall.
1309 1901 1360 1944 fr.
1390 1899 1454 1944 HI
1479 1902 1554 1944 20:
1592 1899 1738 1943 ‘Unde

156 1986 288 2031 pons
317 1971 365 2015 in
394 1971 601 2028 oppidum
630 1971 852 2028 pertinens
883 1971 1144 2028 explicatur'
1152 1989 1163 2028 3
1194 1975 1375 2028 uterque
1401 1972 1537 2029 igitur
1562 1971 1613 2014 de
1639 1986 1738 2014 uno

51 2043 79 2102 ’ξ’
156 2043 301 2094 1818111,
322 2046 466 2101 ponte.
529 2042 690 2087 Contra
720 2042 876 2087 Strabo
908 2044 959 2087 fr.
986 2044 1057 2101 80,
1088 2044 1162 2100 qui
1197 2047 1312 2087 certe
1344 2043 1546 2100 Cyzicum
1577 2042 1739 2099 optime

59 2107 90 2165 ἦνς-
159 2118 358 2173 nouerat,
397 2115 506 2160 duos
542 2117 729 2160 testatur
764 2118 920 2172 pontes
955 2114 1070 2158 inter
1115 2115 1322 2172 oppidum
1362 2118 1406 2158 et
1446 2114 1739 2158 continentem

120 2238 123 2242 ⁴
159 2186 314 2283 fuisse.
372 2185 487 2239 Quin
528 2186 731 2231 dictionis
775 2186 1060 2231 Sallustianae
1106 2187 1291 2245 vestigia
1333 2186 1583 2243 prendimus
1626 2186 1740 2242 apud

54 2334 89 2373 'a‘
160 2304 171 2322 ²
211 2347 232 2353 ..
288 2317 324 2363 1)
348 2315 502 2354 Etenim
533 2315 668 2353 horum
703 2316 933 2354 scholiorum
973 2319 1147 2354 auctores
1183 2316 1364 2354 Sallustio
1399 2327 1486 2353 usos
1522 2327 1605 2353 esse
1639 2315 1739 2351 infra

129 2398 133 2419 f
165 2358 498 2414 demonstrabitur.

284 2438 323 2484 2)
346 2436 406 2474 rr
425 2435 479 2472 111
499 2440 543 2473 12
569 2435 718 2484 (Kritz).
1795 2469 1798 2472 ⁴

282 2498 324 2543 ,8)
348 2494 404 2534 cf.
417 2497 540 2533 Lauer
556 2496 582 2533 1.
596 2495 621 2534 L
640 2508 677 2543 p.
693 2500 754 2540 10;
779 2497 924 2533 Arnold
942 2497 1007 2534 1.1.
1032 2509 1068 2544 p.
1089 2501 1146 2535 89.
1173 2518 1218 2524 -
1244 2497 1356 2533 Falso
1384 2497 1513 2533 autem
1531 2496 1640 2541 Heyn
1666 2495 1738 2540 „de

163 2555 279 2597 muro
292 2555 507 2594 historic&
531 2568 568 2602 p.
590 2559 634 2594 51
655 2555 818 2602 Florum,
842 2555 1067 2593 Frontinum
1085 2555 1259 2593 Wolfflin
1285 2556 1326 2592 in
1345 2556 1472 2593 Herm.
1493 2556 1546 2592 IX
1563 2568 1599 2601 p.
1621 2559 1666 2592 82
1694 2566 1739 2592 ae

31 2646 36 2654 .,
59 2635 62 2646 2
165 2614 317 2653 Bludau
339 2615 412 2654 hoc
436 2615 513 2662 ipsi
533 2615 716 2653 Sallustio
736 2616 913 2653 debuisse
932 2616 1160 2663 iudicarunt,
1186 2628 1272 2653 cum
1290 2618 1449 2661 uterque
1469 2615 1580 2662 plura
1597 2615 1741 2652 habeat

165 2686 283 2726 quam
304 2674 347 2712 in
370 2675 595 2713 brevissimo
622 2675 797 2712 Sallustii
819 2677 1034 2724 fragmento
1059 2676 1200 2713 insunt.

287 2737 325 2782 4)
349 2733 404 2772 Of.
423 2734 470 2772 fr.
487 2735 540 2771 111
561 2739 623 2772 19:
659 2736 785 2773 ‘Duos
809 2740 923 2783 quam
946 2737 1132 2773 maximos
1156 2738 1260 2772 utres
1285 2736 1361 2772 levi
1386 2734 1541 2771 tabulae
1567 2733 1740 2780 subiecit,

155 2805 245 2842 ‘qua
268 2805 382 2842 super
405 2794 510 2832 omni
534 2805 689 2842 corpore
720 2794 870 2841 quietus
900 2796 1063 2832 invicem
1093 2797 1217 2832 tracto
1248 2796 1345 2841 pede
1376 2794 1483 2840 quasi
1509 2793 1741 2840 gubernator

164 2853 358 2893 existeret.
418 2853 479 2892 Ea
511 2854 612 2891 inter
647 2854 789 2892 molem
825 2857 939 2902 atque
978 2855 1144 2892 insulam
1184 2854 1281 2891 mari
1315 2853 1546 2891 vitabundus
1581 2853 1741 2891 classem

166 2913 336 2952 hostium
359 2913 410 2951 ad
433 2914 615 2962 oppidum
638 2914 839 2962 pervenit?
