1976 3190
776 151 977 188 Enarratio
1003 155 1155 188 65—76.
1667 150 1750 192 137

30 328 36 336 ὑ
62 243 67 246 ¹
88 255 92 258 ⁵
174 263 315 315 donia,
344 277 442 306 mox
471 277 500 305 a
523 262 707 318 Bithyno
734 276 825 317 φερε
848 261 944 304 Ba
1001 262 1162 316 Thyria
1193 265 1232 305 et
1255 261 1547 304 Mamiandena
1571 264 1668 303 sunt
1691 275 1753 303 re—

176 333 337 390 mynia’
369 333 445 391 (fr.
472 333 560 392 70).
994 333 1163 388 yiones?
1767 332 1824 374 70

235 404 368 448 Mela
402 406 504 449 103:
549 404 614 448 ‘In
654 419 704 448 eo
738 404 927 459 primum

177 476 466 533 Mmtmdyni
487 478 629 521 wrbem
652 476 844 520 habitant
871 475 926 518 ab

175 546 352 606 Arg-ivo,
383 551 433 591 ut
457 549 615 606 ferunt,
645 547 830 591 Hercule
859 547 927 589 da-

176 619 293 663 tam?
315 654 324 662 .
339 653 347 662 .
362 654 394 662 ..
421 617 549 677 (104)
576 618 702 662 ‘Tum
724 619 822 662 Tios
846 620 1053 674 oppidum,
1080 618 1349 662 Milesiorum
1374 619 1548 675 quidem
1574 619 1753 674 colonia,

22 666 28 681 τ
95 691 97 693 ’
176 690 252 734 sed
281 690 368 750 iam
392 691 471 735 soli
497 691 708 747 gentisque
739 690 1060 746 Paphlayonum
1092 689 1167 748 (fr.
1196 689 1291 748 7l);
1324 706 1508 746 quorum
1540 691 1585 733 in
1619 690 1821 733 litori-71

16 759 34 779 μ.

176 763 260 806 bus
283 777 421 818 paene
446 762 598 806 mediis
623 762 975 819 promunturium
1004 765 1070 807 est
1097 761 1331 818 Carambis,
1362 762 1470 805 citra
1494 762 1754 805 Parthenius

176 834 316 878 amnis
341 868 350 878 .
371 869 380 878 .
401 869 411 877 .
430 869 439 877 .
465 833 594 893 (105)
620 834 837 890 Chalybes
863 833 1051 890 proximi
1078 829 1335 876 clarissi‘mas
1359 834 1524 876 habent
1555 833 1754 876 Amisum

177 908 223 949 et
245 905 438 962 Sinopen
463 941 472 949 .
493 941 501 949 .
523 941 531 949 .
553 940 561 950 .
587 905 778 948 amnium
803 906 948 962 Halyn
975 905 1051 964 (fr.
1079 903 1154 963 72)
1182 908 1226 948 et
1250 905 1583 960 Thermodonta,
1609 920 1753 948 secun-
1771 906 1825 947 72

174 977 280 1021 dum
297 977 445 1034 Halyn
469 979 575 1021 urbs
601 981 668 1021 est
685 978 884 1035 Lycasto,
909 978 963 1020 ad
981 978 1302 1021 Thermodonta
1327 992 1507 1032 campus,
1534 979 1580 1020 in
1605 992 1648 1021 eo
1671 979 1758 1032 fuit

180 1049 495 1093 Thema'oeummn
525 1051 734 1105 (aspidum,
762 1052 879 1105 fuere
909 1054 948 1094 et
968 1039 1235 1094 Amazonum
1265 1054 1404 1093 eastra
1435 1048 1510 1107 (fr.
1539 1048 1628 1106 73),
1659 1049 1754 1092 ideo
1771 1049 1827 1091 73

175 1116 461 1165 Amazonium
490 1122 673 1165 vocant?
738 1121 990 1178 Complures
1022 1121 1182 1165 abhinc
1205 1121 1436 1164 Armeniae
1466 1125 1618 1179 gentes
1644 1137 1754 1164 com-

177 1196 483 1252 memorantur,
513 1194 730 1251 Tibareni,
755 1194 1042 1251 Mossynoeci,
1069 1193 1399 1249 Macrocephali,
1426 1192 1588 1248 Colchi,
1620 1192 1756 1234 adhoc

177 1265 332 1309 Phasis
361 1266 535 1322 flumen,
566 1269 736 1309 montes
762 1265 964 1310 Ceraunii
991 1265 1303 1322 Caucasusque,
1335 1265 1547 1321 oppidum
1573 1263 1754 1320 Cycnus.

178 1335 331 1396 (Mela
362 1338 487 1396 1102)
520 1337 702 1394 ‘reliqua
734 1338 826 1380 eius
856 1338 971 1381 ferae
1003 1337 1278 1393 incultaeque
1309 1340 1462 1394 gentes
1492 1338 1615 1379 vasto
1647 1335 1755 1377 mari

177 1409 423 1453 adsidentes
453 1409 618 1453 tenent’
651 1409 728 1468 (fr.
757 1409 844 1468 74).
871 1436 927 1440 —
955 1408 1083 1468 (112)
1116 1408 1322 1465 ‘Obliqua
1353 1412 1456 1451 tunc
1482 1408 1603 1465 regio
1637 1410 1680 1450 et
1711 1407 1756 1449 in
1772 1408 1829 1450 74

176 1481 316 1525 latum
346 1480 512 1524 modice
543 1484 699 1538 patens
737 1481 851 1524 inter
881 1482 1070 1525 Pontum
1108 1481 1396 1538 paludemque
1428 1480 1482 1523 ad
1511 1479 1756 1535 Bosporum

178 1552 380 1610 excurrit,
407 1587 415 1595 .
436 1587 444 1595 .
466 1588 474 1595 .
496 1588 504 1595 .
533 1551 659 1612 (113)
691 1553 910 1611 ingressos
940 1553 1060 1596 lacus
1091 1552 1249 1608 accipit
1280 1552 1410 1610 longe
1435 1552 1608 1608 lateque
1635 1551 1756 1594 diffu-

178 1639 267 1682 sus,
306 1639 391 1681 qua
426 1626 565 1668 terras
602 1624 763 1682 tangit,
802 1624 979 1668 incurvo
1016 1624 1305 1667 circumdatus
1342 1624 1488 1682 litore,
1527 1639 1612 1680 qua
1649 1623 1757 1666 mari

177 1696 356 1754 propior
387 1699 470 1752 est,
507 1696 592 1739 nisi
623 1696 701 1739 ubi
734 1696 946 1752 aperitur,
985 1696 1105 1752 quasi
1144 1696 1339 1753 margine
1380 1696 1612 1753 obductus,
1650 1695 1758 1738 citra

177 1768 521 1827 magnitudinem
553 1783 691 1824 prope
722 1768 864 1811 Ponto
897 1767 1061 1811 similis.
1125 1767 1252 1825 (114)
1285 1767 1428 1826 Oram,
1458 1782 1563 1823 quae
1595 1783 1623 1810 a
1652 1768 1757 1810 Bos-

171 1856 277 1898 poro
301 1842 359 1885 ad
384 1842 556 1884 Tanain
578 1855 707 1896 usque
737 1840 981 1884 deflectitur
1007 1839 1082 1898 (fr.
1111 1839 1200 1898 75),
1231 1840 1434 1883 Maeotici
1466 1839 1830 1883 incolunt....75

178 1911 308 1973 (115)
343 1912 444 1969 Ipse
475 1913 632 1956 Tanais
670 1928 722 1956 ex
754 1913 953 1969 Riphaeo
991 1915 1139 1956 monte
1178 1913 1369 1956 deiectus
1407 1912 1512 1955 adeo
1551 1926 1759 1968 praeceps

177 1985 285 2043 ruit,
319 1988 370 2029 ut
406 2000 506 2028 cum
536 1985 677 2029 vicina
716 1985 912 2042 flumina,
953 1988 1046 2028 tum
1084 1985 1269 2027 Maeotis
1307 1987 1350 2027 et
1386 1984 1628 2040 Bosporus,
1664 1985 1759 2025 tum

177 2056 309 2100 Ponti
346 2056 492 2113 aliqua
528 2057 715 2100 brumali
757 2057 900 2115 rigore
939 2057 1158 2114 durentur,
1196 2057 1314 2100 solus
1345 2061 1481 2100 aestus
1511 2056 1760 2110 hiememque

179 2130 301 2173 &comta
326 2130 466 2184 ferens
502 2128 616 2171 idem
648 2144 820 2185 semper
856 2131 900 2172 et
937 2129 1003 2172 sui
1036 2128 1190 2172 similis
1221 2128 1512 2184 incitatusque
1550 2128 1758 2170 decurrat.

238 2199 368 2260 (116)
398 2200 536 2257 Ripas
549 2200 642 2244 eius
655 2199 933 2244 Sauromatae
1065 2200 1219 2243 Amm.
1234 2202 1308 2244 29:
1323 2200 1466 2244 ‘Ultra
1479 2199 1643 2242 Tanain
1657 2214 1759 2254 pan—

180 2272 347 2329 etripis
358 2271 580 2315 haerentia
593 2273 829 2329 possident,
847 2288 933 2316 una
1006 2273 1167 2315 duntur
1210 2273 1255 2315 in
1294 2272 1569 2315 latitudinem
1608 2270 1759 2314 Sauro-

181 2359 300 2402 gens,
325 2343 492 2400 aliquot
517 2345 671 2401 populi
698 2347 742 2387 et
767 2345 933 2400 aliquot
1006 2345 1175 2388 matae?

135 2461 137 2468 A
180 2415 384 2460 nomina?

301 2487 458 2531 Postea
485 2486 636 2545 (Mela
655 2487 696 2530 H
719 2487 763 2545 1)
795 2488 889 2544 ‘per
915 2489 1097 2531 eundem
1122 2503 1293 2531 amnem
1317 2488 1364 2530 in
1385 2487 1603 2531 Maeotida
1629 2502 1759 2529 reme-

181 2559 381 2612 antibus.
397 2593 428 2602 ..
444 2557 535 2617 ,(2)
556 2559 782 2602 hominum
807 2559 937 2615 primi
960 2563 1061 2603 sunt
1081 2559 1266 2616 Scythae
1283 2560 1423 2603 ....ab
1444 2559 1498 2602 iis
1517 2558 1761 2601 Essedones

180 2646 321 2687 usque
361 2630 415 2673 ad
450 2630 678 2674 Maeotida.
746 2631 889 2675 Huius
928 2632 1089 2675 flexum
1124 2632 1264 2675 Buces
1301 2632 1439 2674 amnis
1477 2633 1610 2687 secat,
1647 2629 1761 2687 Aga-

182 2702 326 2760 thyrsi
351 2705 395 2746 et
420 2701 698 2746 Sauromatae
725 2703 935 2759 ambiunt,
967 2704 1068 2760 quia
1089 2719 1167 2759 pro
1192 2705 1355 2758 sedibus
1377 2704 1575 2758 plaustra
1600 2702 1760 2755 habent,

184 2775 288 2819 dicti
325 2773 589 2818 Amaxobioi
627 2773 702 2833 (fr.
732 2774 820 2834 76).
888 2775 1077 2833 Obliqua
1114 2779 1218 2819 tunc
1256 2776 1310 2818 ad
1346 2775 1591 2830 Bosporum
1629 2773 1760 2831 plaga
1776 2775 1831 2817 76

183 2861 415 2890 excurrens
445 2845 586 2889 Ponto
618 2861 667 2889 ac
692 2846 907 2890 Maeotide
938 2847 1173 2891 includitur
1200 2883 1207 2890 .
1230 2882 1237 2889 .
1259 2882 1266 2890 .
1289 2882 1296 2889 .
1325 2845 1391 2904 (3)
1426 2846 1554 2889 Sinus
1585 2848 1760 2901 portuo-

185 2933 258 2962 sus
277 2903 334 2962 =et
364 2918 461 2961 ideo
488 2917 614 2962 Calos
644 2918 778 2962 limen
808 2919 1054 2977 appellatus
1086 2918 1401 2978 promunturiis
1433 2918 1603 2962 duobus
1628 2917 1759 2962 inclu-
