1976 3190
288 166 345 207 48
786 166 941 202 Sallusti
965 164 1215 202 Historiarum
1239 165 1305 201 lib.
1325 165 1352 200 1.

412 271 518 316 111.
579 272 861 316 Domitium
897 273 1257 329 proconsulem
1295 287 1352 314 ex
1384 272 1632 315 citeriore
1662 271 1845 331 Hispa-

289 344 372 385 nia
404 359 512 385 cum
544 343 781 386 omnibus
812 344 996 402 copiis,
1029 359 1152 399 quas
1183 345 1473 400 paraverat,
1505 342 1787 386 arcessivit.

407 435 513 481 App.
565 435 594 481 (I
614 439 658 471 69
671 435 715 482 D,
744 439 784 471 71
799 436 850 482 K,
876 440 921 472 88
935 436 983 482 Gr,
1009 437 1026 472 Ι
1050 449 1084 482 p.
1107 440 1174 472 509
1189 437 1262 483 Br.)
1294 458 1339 463 -—
1370 435 1549 494 Priscian.
1569 436 1603 471 X
1627 435 1675 482 (Π
1697 447 1734 482 p.
1753 437 1847 483 584).

410 512 574 551 Oomm.
623 512 848 552 Domitium
872 514 1106 552 arcessitum
1131 526 1214 552 esse
1240 520 1263 551 a
1287 513 1447 552 Metello
1475 514 1594 552 antea
1617 512 1848 564 putabatur,

293 584 316 609 a
346 570 501 610 Fufidio
533 572 584 610 ad
614 572 772 611 Baetim
802 572 908 611 victo
933 573 1225 611 Mommsenum
1257 574 1416 611 secutus
1440 571 1605 611 Dietsch
1635 570 1849 611 contendit.

293 629 393 668 Cum
417 643 510 669 vero
535 631 737 670 Domitius
763 644 866 671 anno
896 634 946 671 79
977 633 1080 670 certe
1107 632 1258 670 occisus
1284 632 1337 670 sit
1369 625 1436 685 (cf.
1461 631 1684 682 Prolegom.
1706 644 1746 687 p.
1774 623 1848 683 22)

291 689 412 739 idque
437 689 565 739 primo
592 690 676 728 eius
703 691 878 730 adventu
909 692 1030 740 atque
1056 690 1098 728 in
1117 690 1258 729 itinere
1286 690 1473 730 accidisse
1498 690 1695 742 videatur,
1719 689 1850 740 sequi-

292 750 360 786 tur
383 748 425 787 in
450 749 680 788 ulteriorem
706 763 798 788 eum
829 749 1063 788 arcessitum
1089 761 1171 788 esse
1198 750 1443 799 provinciam
1469 762 1572 789 anno
1598 749 1757 788 de'mum
1784 749 1850 800 79,

290 807 428 857 itaque
459 808 546 847 iure
580 808 748 848 editores
780 809 988 847 Metellum
1019 807 1346 848 subaudiverunt.

412 896 519 943 112.
586 898 683 941 Illo
724 899 989 954 profectus
1033 898 1172 941 vicos
1218 898 1542 954 castellaque
1582 897 1852 942 incendere

293 971 341 1010 et
372 969 494 1026 fuga
525 969 779 1011 cultorum
812 969 1015 1012 deserta
1051 969 1161 1026 igni
1197 972 1401 1012 vastare
1437 984 1600 1026 neque
1629 970 1735 1012 late
1765 971 1852 1012 aut

292 1054 500 1082 securus
530 1040 700 1095 nimis,
737 1043 874 1082 metu
904 1040 1079 1097 gentis
1109 1040 1168 1082 ad
1198 1040 1340 1083 furta
1371 1040 1500 1083 belli
1531 1041 1852 1097 peridoneae.

412 1132 518 1178 App.
569 1133 599 1178 (I
619 1137 662 1168 86
676 1133 720 1178 D,
746 1133 796 1178 K,
823 1136 867 1168 97
883 1132 930 1178 Gr,
956 1134 973 1168 I
991 1146 1026 1179 p.
1048 1137 1116 1169 586
1130 1133 1204 1179 Br.)
1224 1154 1269 1160 —-
1288 1133 1432 1169 Nonius
1454 1133 1506 1169 IV
1529 1145 1564 1180 p.
1585 1137 1665 1170 310.
1685 1154 1730 1160 -
1750 1132 1851 1170 Serv.

294 1180 343 1215 ad
356 1179 447 1215 Aen.
461 1180 513 1214 XI
533 1183 618 1216 515:
647 1180 753 1225 ‘gens
774 1210 781 1216 .
798 1210 804 1216 .
821 1210 827 1218 .
844 1210 851 1216 .
871 1180 1100 1226 peridoneaf
1122 1183 1134 1223 11
1152 1180 1245 1228 late]
1266 1180 1365 1216 elate
1384 1181 1500 1226 codd„
1520 1191 1611 1218 corr.
1628 1181 1792 1218 Gerlach.
1806 1201 1852 1206 --

293 1229 358 1262 aut
399 1238 548 1263 securus
587 1227 715 1274 nimis]
751 1229 817 1263 aut
849 1227 1118 1264 setustissimus
1153 1229 1207 1273 B,
1247 1227 1514 1263 fetustissimus
1554 1228 1643 1265 Gen.
1669 1228 1706 1264 L
1729 1227 1776 1264 Η
1798 1227 1853 1271 G;

295 1286 444 1310 securus
469 1273 581 1309 nimis
608 1287 698 1311 corr.
727 1275 772 1310 L.
793 1275 943 1319 Miiller,
969 1275 1069 1311 elato
1095 1277 1162 1310 aut
1187 1286 1315 1311 securo
1341 1286 1421 1311 esse
1446 1275 1571 1311 animo
1595 1276 1689 1312 coni.
1708 1275 1853 1319 Douza,

295 1333 444 1357 securus
459 1333 482 1357 a
498 1322 662 1366 Gerlach,
682 1333 831 1357 securus
845 1322 899 1358 ire
914 1323 1033 1367 Kritz,
1054 1325 1120 1358 aut
1138 1322 1267 1368 fretus,
1287 1322 1398 1358 simul
1417 1334 1440 1358 a
1451 1324 1554 1359 metu
1567 1323 1676 1368 Roth,
1696 1333 1743 1358 ne
1756 1332 1853 1376 quae

293 1369 394 1404 intus
414 1369 561 1404 lateant
580 1369 817 1405 cautissimus
838 1370 983 1416 Μᾶῆῐῃ,
1008 1369 1062 1405 ire
1083 1370 1149 1405 sed
1168 1369 1405 1405 cautissimus
1425 1371 1586 1415 Dietseh,
1608 1368 1723 1406 effuse
1740 1368 1852 1405 mmis

294 1417 471 1463 Madvi9;
506 1417 661 1452 Miilleri
685 1418 885 1453 emendatio
905 1418 1072 1462 proxime
1097 1422 1129 1453 et
1154 1419 1203 1453 ad
1227 1429 1368 1453 sensam
1392 1422 1426 1453 et
1453 1418 1503 1454 ad
1527 1418 1702 1454 librorum
1725 1428 1852 1452 memo-

292 1465 388 1500 riam
407 1465 571 1500 accedere
589 1465 679 1500 mihi
696 1465 848 1500 videtum.
869 1486 916 1490 —
934 1464 1175 1511 peridoneae]
1194 1464 1399 1510 peridonea
1419 1465 1520 1501 codd.
1541 1465 1671 1510 Nonii,
1689 1475 1781 1510 gens
1796 1493 1809 1500 -

294 1511 499 1557 peridonea
524 1511 681 1548 Servius.
1719 1525 1722 1528 ·

412 1587 576 1627 Comm.
641 1588 808 1628 Gentem
832 1588 945 1628 illam
969 1589 1169 1639 Hispanos
1201 1601 1284 1628 esse
1316 1602 1408 1628 cum
1431 1602 1452 1628 e
1477 1588 1705 1628 testimonio
1729 1581 1852 1627 Fron-

292 1647 368 1685 tini
400 1649 516 1686 acute
542 1647 722 1686 Wo'lfflin
753 1648 976 1700 coniecerit,
1010 1649 1150 1687 ducem
1181 1648 1227 1687 de
1254 1660 1333 1699 quo
1366 1648 1502 1700 agitur
1530 1647 1739 1688 Metellum
1768 1658 1853 1686 esse

295 1708 472 1757 apparet.
1578 1723 1583 1729 ·

415 1795 522 1841 113.
584 1796 648 1839 Et
679 1797 931 1853 Diponem
961 1798 1182 1841 validam
1212 1799 1389 1840 urbem
1419 1798 1610 1841 multos
1640 1797 1749 1841 dies
1778 1813 1854 1840 re-

293 1871 515 1911 stantem
545 1869 819 1925 pugnando
851 1870 990 1913 vicit.

410 1962 516 2007 App.
567 1962 598 2007 (I
623 1962 729 2008 751),
764 1963 870 2009 MK,
905 1967 971 1999 109
986 1962 1034 2009 G,
1062 1963 1080 1998 I
1102 1975 1137 2008 p.
1159 1966 1227 1998 573
1241 1963 1315 2009 ΒΥ.)
1348 1983 1393 1989 —-
1423 1962 1567 1998 Nonius
1586 1962 1656 1998 ΧΠ
1679 1974 1716 2009 p.
1742 1965 1822 1999 526.
1841 1962 1854 2010 Η

301 2009 408 2056 vicit]
434 2008 553 2045 vincit
578 2009 699 2046 Kritz.

413 2085 579 2125 Gomm.
628 2085 826 2136 Diponem
844 2086 1075 2127 Lusitaniae
1099 2087 1240 2126 urbem
1264 2088 1370 2127 inter
1387 2087 1617 2139 Augustam
1633 2081 1853 2126 Emeritam

294 2145 546 2195 Eboramque
574 2145 693 2183 sitam
719 2159 742 2184 a
763 2146 937 2185 Sertorio
957 2148 1117 2197 captam
1140 2148 1237 2185 tunc
1263 2159 1346 2188 esse
1364 2146 1526 2186 minime
1550 2145 1688 2196 putari
1709 2146 1854 2196 potest,

294 2204 442 2242 etenim
480 2204 606 2243 omnis
648 2204 860 2243 Lusitania
905 2205 947 2244 in
986 2207 1229 2255 potestatem
1268 2206 1353 2245 eius
1401 2207 1540 2256 sponte
1587 2217 1627 2244 se
1671 2203 1850 2256 dederat3

296 2275 418 2313 quare
449 2263 634 2302 Metellus
665 2263 786 2302 huius
816 2265 1031 2316 fragmenti
1062 2265 1285 2304 subiectum
1316 2263 1604 2304 existimandus
1634 2264 1706 2304 est.

1464 2326 1485 2340 Χ

418 2351 557 2397 114*.
618 2353 917 2397 Lusitaniae
949 2369 1153 2412 gravem
1184 2356 1463 2398 civitatem.

414 2445 520 2491 App.
565 2446 651 2491 (Ine.
674 2450 718 2482 68
732 2446 776 2492 D,
803 2451 848 2482 34
862 2447 906 2493 K,
931 2447 983 2482 HI
1004 2451 1047 2482 15
1063 2447 1104 2493 G,
1130 2448 1147 2483 Ι
1163 2460 1198 2494 p.
1219 2452 1288 2484 472
1301 2449 1376 2495 Br.)
1402 2470 1446 2475 —
1473 2448 1572 2484 Serv.
1596 2445 1724 2493 (schol.
1743 2446 1852 2494 Dan.)

296 2494 345 2528 ad
370 2493 461 2529 Aen.
487 2493 556 2528 XII
573 2497 653 2529 458.

415 2569 580 2609 Comm.
641 2569 751 2616 Quae
784 2570 924 2609 civitas
962 2571 1068 2610 dicta
1105 2573 1158 2611 sit
1194 2573 1407 2623 nescimus3
1449 2570 1727 2622 Olyssiponem
1765 2583 1853 2610 eam

298 2630 421 2668 fuisse
451 2629 560 2668 haud
591 2629 785 2668 absonum
814 2629 983 2669 videtur.

417 2718 570 2763 1153(
617 2718 719 2762 Iam
750 2722 959 2776 repente
991 2720 1129 2763 visus
1159 2721 1323 2764 lenire
1354 2720 1530 2778 Tagus.

413 2812 518 2858 App.
570 2812 656 2858 (Ine.
679 2815 720 2866 71
731 2812 775 2858 D,
802 2816 846 2866 ,37
857 2812 901 2858 K,
921 2813 972 2848 ΠΙ
993 2817 1036 2848 14
1048 2813 1090 2858 G,
1116 2814 1150 2848 H
1167 2818 1292 2869 92342
1302 2814 1379 2895 qu
1403 2834 1448 2867 -ι
1474 2813 1573 2849 SerV.
1594 2812 1722 2867 (schol.
1741 2813 1850 2859 Dan.)

296 2860 345 2894 ad
369 2860 459 2896 Aen.
485 2859 520 2894 X
540 2863 618 2900 103,
644 2861 655 2905 11
679 2861 771 2907 iam]
799 2870 885 2896 iane
911 2860 958 2905 E.
989 2871 1079 2897 corr.
1105 2861 1257 2898 Daniel.
1288 2882 1336 2887 —
1381 2861 1499 2908 emre]
1528 2859 1648 2897 lamro
1673 2859 1727 2906 F,
1757 2871 1850 2898 corr.

300 2907 421 2952 Thilo,
446 2906 590 2943 saevire
613 2908 731 2954 vulyo.
772 2916 778 2923 ²
