<?xml version="1.0" encoding="UTF-8"?>
<!DOCTYPE html PUBLIC "-//W3C//DTD XHTML 1.0 Transitional//EN"
    "http://www.w3.org/TR/xhtml1/DTD/xhtml1-transitional.dtd">
<html xmlns="http://www.w3.org/1999/xhtml" xml:lang="en" lang="en">
 <head>
  <title>
</title>
<meta http-equiv="Content-Type" content="text/html;charset=utf-8" />
  <meta name='ocr-system' content='tesseract 3.04.00' />
  <meta name='ocr-capabilities' content='ocr_page ocr_carea ocr_par ocr_line ocrx_word'/>
</head>
<body>
  <div class='ocr_page' id='page_1' title='image "./historiarumreliq00salluoft_0309.png"; bbox 0 0 2034 3184; ppageno 0'>
   <div class='ocr_carea' id='block_1_1' title="bbox 757 131 1728 191">
    <p class='ocr_par' dir='ltr' id='par_1_1' title="bbox 757 131 1728 191">
     <span class='ocr_line' id='line_1_1' title="bbox 757 131 1728 191; baseline 0.008 -23"><span class='ocrx_word' id='word_1_1' title='bbox 757 133 985 191; x_wconf 77' lang='lat' dir='ltr'><strong>Fragmenta</strong></span> <span class='ocrx_word' id='word_1_2' title='bbox 1005 137 1132 171; x_wconf 83' lang='lat'>2—11.</span> <span class='ocrx_word' id='word_1_3' title='bbox 1643 131 1728 176; x_wconf 80' lang='lat'><strong>193</strong></span> 
     </span>
    </p>
   </div>
   <div class='ocr_carea' id='block_1_2' title="bbox 277 242 1730 384">
    <p class='ocr_par' dir='ltr' id='par_1_2' title="bbox 277 242 1730 384">
     <span class='ocr_line' id='line_1_2' title="bbox 279 242 729 300; baseline -0.004 -12"><span class='ocrx_word' id='word_1_4' title='bbox 279 242 358 290; x_wconf 71' lang='lat'>6⁴¹.</span> <span class='ocrx_word' id='word_1_5' title='bbox 417 242 560 287; x_wconf 85' lang='lat' dir='ltr'><strong>Luxo</strong></span> <span class='ocrx_word' id='word_1_6' title='bbox 591 243 729 300; x_wconf 88' lang='lat' dir='ltr'><strong>pede.</strong></span> 
     </span>
     <span class='ocr_line' id='line_1_3' title="bbox 277 336 1730 384; baseline -0.001 -10"><span class='ocrx_word' id='word_1_7' title='bbox 277 337 384 384; x_wconf 87' lang='lat' dir='ltr'>App.</span> <span class='ocrx_word' id='word_1_8' title='bbox 429 337 477 384; x_wconf 90' lang='lat' dir='ltr'><strong>(V</strong></span> <span class='ocrx_word' id='word_1_9' title='bbox 496 337 573 382; x_wconf 82' lang='lat' dir='ltr'><strong>2D‚</strong></span> <span class='ocrx_word' id='word_1_10' title='bbox 600 337 676 383; x_wconf 83' lang='lat' dir='ltr'><strong>2K,</strong></span> <span class='ocrx_word' id='word_1_11' title='bbox 701 336 773 373; x_wconf 85' lang='lat' dir='ltr'><strong>ine.</strong></span> <span class='ocrx_word' id='word_1_12' title='bbox 792 340 840 373; x_wconf 83' lang='grc'><strong>48</strong></span> <span class='ocrx_word' id='word_1_13' title='bbox 850 337 895 383; x_wconf 86' lang='grc' dir='ltr'><strong>Κ,</strong></span> <span class='ocrx_word' id='word_1_14' title='bbox 921 337 955 372; x_wconf 90' lang='lat' dir='ltr'>H</span> <span class='ocrx_word' id='word_1_15' title='bbox 974 349 1008 384; x_wconf 92' lang='lat' dir='ltr'><strong>p.</strong></span> <span class='ocrx_word' id='word_1_16' title='bbox 1031 342 1098 373; x_wconf 83' lang='grc'><strong>631</strong></span> <span class='ocrx_word' id='word_1_17' title='bbox 1112 338 1186 384; x_wconf 92' lang='lat' dir='ltr'>Br.)</span> <span class='ocrx_word' id='word_1_18' title='bbox 1207 359 1250 364; x_wconf 91' lang='lat'>—</span> <span class='ocrx_word' id='word_1_19' title='bbox 1271 338 1414 374; x_wconf 87' lang='lat' dir='ltr'><strong>Probus</strong></span> <span class='ocrx_word' id='word_1_20' title='bbox 1435 338 1535 375; x_wconf 88' lang='lat' dir='ltr'><strong>cath.</strong></span> <span class='ocrx_word' id='word_1_21' title='bbox 1554 350 1590 384; x_wconf 87' lang='lat' dir='ltr'><strong>p.</strong></span> <span class='ocrx_word' id='word_1_22' title='bbox 1611 342 1667 374; x_wconf 85' lang='lat'><strong>31.</strong></span> <span class='ocrx_word' id='word_1_23' title='bbox 1686 358 1730 364; x_wconf 89' lang='lat'><em>-</em></span> 
     </span>
    </p>
   </div>
   <div class='ocr_carea' id='block_1_3' title="bbox 159 310 447 317">
    <p class='ocr_par' dir='ltr' id='par_1_3' title="bbox 159 310 447 317">
     <span class='ocr_line' id='line_1_4' title="bbox 159 310 447 317; baseline 0 2867"><span class='ocrx_word' id='word_1_24' title='bbox 159 310 447 317; x_wconf 95' lang='lat' dir='ltr'><strong> </strong></span> 
     </span>
    </p>
   </div>
   <div class='ocr_carea' id='block_1_4' title="bbox 21 342 608 432">
    <p class='ocr_par' dir='ltr' id='par_1_4' title="bbox 21 342 608 432">
     <span class='ocr_line' id='line_1_5' title="bbox 21 342 608 432; baseline 0.005 -14"><span class='ocrx_word' id='word_1_25' title='bbox 21 342 26 406; x_wconf 28' lang='lat'><strong>›-</strong></span> <span class='ocrx_word' id='word_1_26' title='bbox 60 343 127 418; x_wconf 28' lang='grc' dir='ltr'>ἒξ...-</span> <span class='ocrx_word' id='word_1_27' title='bbox 147 372 342 423; x_wconf 63' lang='lat' dir='ltr'><strong>&#39;Sacerdos</strong></span> <span class='ocrx_word' id='word_1_28' title='bbox 366 385 432 432; x_wconf 90' lang='lat' dir='ltr'><strong>(VI</strong></span> <span class='ocrx_word' id='word_1_29' title='bbox 455 397 492 432; x_wconf 89' lang='lat' dir='ltr'><strong>p.</strong></span> <span class='ocrx_word' id='word_1_30' title='bbox 511 387 608 431; x_wconf 80' lang='lat'>482).</span> 
     </span>
    </p>
   </div>
   <div class='ocr_carea' id='block_1_5' title="bbox 278 449 1732 503">
    <p class='ocr_par' dir='ltr' id='par_1_5' title="bbox 278 449 1732 503">
     <span class='ocr_line' id='line_1_6' title="bbox 278 449 1732 503; baseline 0 -13"><span class='ocrx_word' id='word_1_31' title='bbox 278 449 447 491; x_wconf 83' lang='lat' dir='ltr'><strong>Gomm.</strong></span> <span class='ocrx_word' id='word_1_32' title='bbox 490 450 744 490; x_wconf 74' lang='lat' dir='ltr'><strong>Mithridates</strong></span> <span class='ocrx_word' id='word_1_33' title='bbox 766 450 897 490; x_wconf 83' lang='lat' dir='ltr'><strong>dictus</strong></span> <span class='ocrx_word' id='word_1_34' title='bbox 917 452 978 489; x_wconf 85' lang='lat' dir='ltr'><strong>est</strong></span> <span class='ocrx_word' id='word_1_35' title='bbox 997 464 1104 503; x_wconf 88' lang='lat' dir='ltr'><strong>genu</strong></span> <span class='ocrx_word' id='word_1_36' title='bbox 1124 451 1257 502; x_wconf 86' lang='lat' dir='ltr'><strong>lapide</strong></span> <span class='ocrx_word' id='word_1_37' title='bbox 1276 464 1463 502; x_wconf 87' lang='lat' dir='ltr'><strong>percusso</strong></span> <span class='ocrx_word' id='word_1_38' title='bbox 1483 452 1732 491; x_wconf 86' lang='lat' dir='ltr'><strong>vulneratus.</strong></span> 
     </span>
    </p>
   </div>
   <div class='ocr_carea' id='block_1_6' title="bbox 86 523 1731 802">
    <p class='ocr_par' dir='ltr' id='par_1_6' title="bbox 86 523 1731 802">
     <span class='ocr_line' id='line_1_7' title="bbox 280 523 1731 599; baseline 0.001 -14"><span class='ocrx_word' id='word_1_39' title='bbox 280 540 356 587; x_wconf 70' lang='lat'>7¹⁸.</span> <span class='ocrx_word' id='word_1_40' title='bbox 412 523 725 586; x_wconf 84' lang='lat' dir='ltr'><strong>Prohibebit</strong></span> <span class='ocrx_word' id='word_1_41' title='bbox 755 557 939 585; x_wconf 86' lang='lat' dir='ltr'><strong>nocere</strong></span> <span class='ocrx_word' id='word_1_42' title='bbox 970 558 1235 599; x_wconf 87' lang='lat' dir='ltr'><strong>venenum,</strong></span> <span class='ocrx_word' id='word_1_43' title='bbox 1274 544 1406 599; x_wconf 90' lang='lat' dir='ltr'><strong>quod</strong></span> <span class='ocrx_word' id='word_1_44' title='bbox 1437 544 1539 586; x_wconf 87' lang='lat' dir='ltr'><strong>tibi</strong></span> <span class='ocrx_word' id='word_1_45' title='bbox 1571 544 1731 586; x_wconf 85' lang='lat' dir='ltr'><strong>datur.</strong></span> 
     </span>
     <span class='ocr_line' id='line_1_8' title="bbox 86 635 1729 684; baseline 0 -12"><span class='ocrx_word' id='word_1_46' title='bbox 86 658 96 666; x_wconf 80' lang='lat'><strong>.</strong></span> <span class='ocrx_word' id='word_1_47' title='bbox 143 638 150 651; x_wconf 90' lang='grc'><strong>·“</strong></span> <span class='ocrx_word' id='word_1_48' title='bbox 199 637 203 640; x_wconf 87' lang='grc'><strong>’</strong></span> <span class='ocrx_word' id='word_1_49' title='bbox 277 636 384 683; x_wconf 86' lang='lat' dir='ltr'>App.</span> <span class='ocrx_word' id='word_1_50' title='bbox 434 636 521 683; x_wconf 84' lang='lat' dir='ltr'><strong>(Ine.</strong></span> <span class='ocrx_word' id='word_1_51' title='bbox 548 635 657 682; x_wconf 82' lang='grc'>301),</span> <span class='ocrx_word' id='word_1_52' title='bbox 683 635 717 672; x_wconf 89' lang='lat' dir='ltr'><strong>V</strong></span> <span class='ocrx_word' id='word_1_53' title='bbox 736 636 822 682; x_wconf 85' lang='lat' dir='ltr'><strong>3K,</strong></span> <span class='ocrx_word' id='word_1_54' title='bbox 849 636 920 673; x_wconf 87' lang='lat' dir='ltr'><strong>inc.</strong></span> <span class='ocrx_word' id='word_1_55' title='bbox 944 640 988 672; x_wconf 80' lang='lat'><strong>79</strong></span> <span class='ocrx_word' id='word_1_56' title='bbox 1002 636 1059 681; x_wconf 80' lang='lat' dir='ltr'>Gr.)</span> <span class='ocrx_word' id='word_1_57' title='bbox 1091 659 1136 663; x_wconf 94' lang='lat'><strong>—</strong></span> <span class='ocrx_word' id='word_1_58' title='bbox 1169 636 1320 684; x_wconf 84' lang='lat' dir='ltr'><strong>[Caper]</strong></span> <span class='ocrx_word' id='word_1_59' title='bbox 1354 637 1400 674; x_wconf 87' lang='lat' dir='ltr'><strong>de</strong></span> <span class='ocrx_word' id='word_1_60' title='bbox 1433 636 1558 674; x_wconf 85' lang='lat' dir='ltr'><strong>dubiis</strong></span> <span class='ocrx_word' id='word_1_61' title='bbox 1590 636 1729 672; x_wconf 88' lang='lat' dir='ltr'><strong>nomin.</strong></span> 
     </span>
     <span class='ocr_line' id='line_1_9' title="bbox 161 682 1370 732; baseline 0 -12"><span class='ocrx_word' id='word_1_62' title='bbox 161 682 210 732; x_wconf 78' lang='lat' dir='ltr'><strong>(V</strong></span> <span class='ocrx_word' id='word_1_63' title='bbox 233 696 270 731; x_wconf 87' lang='lat' dir='ltr'><strong>p.</strong></span> <span class='ocrx_word' id='word_1_64' title='bbox 291 686 385 731; x_wconf 76' lang='lat'>593).</span> <span class='ocrx_word' id='word_1_65' title='bbox 405 686 418 732; x_wconf 82' lang='grc' dir='ltr'><strong>ΙΙ</strong></span> <span class='ocrx_word' id='word_1_66' title='bbox 435 684 671 732; x_wconf 72' lang='lat' dir='ltr'>prohibebit]</span> <span class='ocrx_word' id='word_1_67' title='bbox 695 686 748 720; x_wconf 82' lang='lat' dir='ltr'><strong>sic</strong></span> <span class='ocrx_word' id='word_1_68' title='bbox 774 685 832 730; x_wconf 87' lang='lat' dir='ltr'><strong>M,</strong></span> <span class='ocrx_word' id='word_1_69' title='bbox 859 685 958 730; x_wconf 83' lang='lat' dir='ltr'><em>Keil,</em></span> <span class='ocrx_word' id='word_1_70' title='bbox 983 684 1161 731; x_wconf 89' lang='lat' dir='ltr'><strong>prohibet</strong></span> <span class='ocrx_word' id='word_1_71' title='bbox 1188 686 1229 730; x_wconf 88' lang='lat' dir='ltr'><strong>V,</strong></span> <span class='ocrx_word' id='word_1_72' title='bbox 1252 687 1370 732; x_wconf 75' lang='lat' dir='ltr'>vulyo.</span> 
     </span>
     <span class='ocr_line' id='line_1_10' title="bbox 277 749 1731 802; baseline -0.001 -12"><span class='ocrx_word' id='word_1_73' title='bbox 277 749 446 790; x_wconf 85' lang='lat' dir='ltr'><strong>Oomm.</strong></span> <span class='ocrx_word' id='word_1_74' title='bbox 499 749 774 789; x_wconf 76' lang='lat' dir='ltr'><strong>Mithridatem</strong></span> <span class='ocrx_word' id='word_1_75' title='bbox 799 750 842 789; x_wconf 89' lang='lat' dir='ltr'><strong>in</strong></span> <span class='ocrx_word' id='word_1_76' title='bbox 866 750 1018 802; x_wconf 86' lang='lat' dir='ltr'><strong>proelio</strong></span> <span class='ocrx_word' id='word_1_77' title='bbox 1044 751 1177 802; x_wconf 87' lang='lat' dir='ltr'><strong>lapide</strong></span> <span class='ocrx_word' id='word_1_78' title='bbox 1202 751 1461 790; x_wconf 85' lang='lat' dir='ltr'><strong>vulneratum</strong></span> <span class='ocrx_word' id='word_1_79' title='bbox 1486 751 1731 801; x_wconf 78' lang='lat' dir='ltr'><strong>serpentium</strong></span> 
     </span>
    </p>
   </div>
   <div class='ocr_carea' id='block_1_7' title="bbox 155 810 1730 922">
    <p class='ocr_par' dir='ltr' id='par_1_7' title="bbox 155 810 1730 922">
     <span class='ocr_line' id='line_1_11' title="bbox 156 810 1730 863; baseline -0.002 -12"><span class='ocrx_word' id='word_1_80' title='bbox 156 822 309 851; x_wconf 82' lang='lat' dir='ltr'><strong>veneno</strong></span> <span class='ocrx_word' id='word_1_81' title='bbox 338 822 460 850; x_wconf 89' lang='lat' dir='ltr'><strong>usum</strong></span> <span class='ocrx_word' id='word_1_82' title='bbox 490 822 586 863; x_wconf 86' lang='lat' dir='ltr'><strong>esse,</strong></span> <span class='ocrx_word' id='word_1_83' title='bbox 616 811 665 848; x_wconf 90' lang='lat' dir='ltr'><strong>ut</strong></span> <span class='ocrx_word' id='word_1_84' title='bbox 694 811 853 850; x_wconf 79' lang='lat' dir='ltr'><strong>vulneri</strong></span> <span class='ocrx_word' id='word_1_85' title='bbox 884 811 1121 863; x_wconf 87' lang='lat' dir='ltr'><strong>mederetur,</strong></span> <span class='ocrx_word' id='word_1_86' title='bbox 1152 813 1294 850; x_wconf 91' lang='lat' dir='ltr'><strong>notum</strong></span> <span class='ocrx_word' id='word_1_87' title='bbox 1326 812 1403 862; x_wconf 72' lang='lat' dir='ltr'><strong>est,</strong></span> <span class='ocrx_word' id='word_1_88' title='bbox 1437 810 1542 861; x_wconf 85' lang='lat' dir='ltr'><strong>quod</strong></span> <span class='ocrx_word' id='word_1_89' title='bbox 1574 824 1623 849; x_wconf 89' lang='lat' dir='ltr'><strong>ne</strong></span> <span class='ocrx_word' id='word_1_90' title='bbox 1656 810 1730 849; x_wconf 84' lang='lat' dir='ltr'>sibi</span> 
     </span>
     <span class='ocr_line' id='line_1_12' title="bbox 155 869 1730 922; baseline -0.001 -12"><span class='ocrx_word' id='word_1_91' title='bbox 155 871 335 922; x_wconf 80' lang='lat' dir='ltr'><strong>noceret,</strong></span> <span class='ocrx_word' id='word_1_92' title='bbox 374 869 584 910; x_wconf 83' lang='lat' dir='ltr'><strong>antidoton</strong></span> <span class='ocrx_word' id='word_1_93' title='bbox 621 882 756 909; x_wconf 89' lang='lat' dir='ltr'><strong>secum</strong></span> <span class='ocrx_word' id='word_1_94' title='bbox 790 870 978 910; x_wconf 81' lang='lat' dir='ltr'><strong>habuisse</strong></span> <span class='ocrx_word' id='word_1_95' title='bbox 1014 871 1144 909; x_wconf 86' lang='lat' dir='ltr'><strong>fertur</strong></span> <span class='ocrx_word' id='word_1_96' title='bbox 1179 871 1386 922; x_wconf 89' lang='lat' dir='ltr'><strong>idoneum,</strong></span> <span class='ocrx_word' id='word_1_97' title='bbox 1427 883 1507 920; x_wconf 89' lang='lat' dir='ltr'><strong>quo</strong></span> <span class='ocrx_word' id='word_1_98' title='bbox 1546 870 1730 909; x_wconf 75' lang='lat' dir='ltr'><strong>omnibus</strong></span> 
     </span>
    </p>
   </div>
   <div class='ocr_carea' id='block_1_8' title="bbox 159 609 446 615">
    <p class='ocr_par' dir='ltr' id='par_1_8' title="bbox 159 609 446 615">
     <span class='ocr_line' id='line_1_13' title="bbox 159 609 446 615; baseline 0 0"><span class='ocrx_word' id='word_1_99' title='bbox 159 609 446 615; x_wconf 95' lang='lat' dir='ltr'><strong> </strong></span> 
     </span>
    </p>
   </div>
   <div class='ocr_carea' id='block_1_9' title="bbox 46 907 1731 986">
    <p class='ocr_par' dir='ltr' id='par_1_9' title="bbox 46 907 1731 986">
     <span class='ocr_line' id='line_1_14' title="bbox 46 907 1731 986; baseline -0.001 -16"><span class='ocrx_word' id='word_1_100' title='bbox 46 907 71 970; x_wconf 37' lang='grc' dir='ltr'><strong>’ἒξ</strong></span> <span class='ocrx_word' id='word_1_101' title='bbox 148 929 320 986; x_wconf 48' lang='lat' dir='ltr'><strong>junonis</strong></span> <span class='ocrx_word' id='word_1_102' title='bbox 350 932 626 970; x_wconf 68' lang='lat' dir='ltr'><strong>occurreretur</strong></span> <span class='ocrx_word' id='word_1_103' title='bbox 652 924 720 984; x_wconf 85' lang='lat' dir='ltr'>(cf.</span> <span class='ocrx_word' id='word_1_104' title='bbox 745 929 848 969; x_wconf 86' lang='lat' dir='ltr'><strong>Plin.</strong></span> <span class='ocrx_word' id='word_1_105' title='bbox 874 931 985 969; x_wconf 91' lang='lat' dir='ltr'><strong>XXV</strong></span> <span class='ocrx_word' id='word_1_106' title='bbox 1007 925 1094 986; x_wconf 80' lang='lat'>62).</span> <span class='ocrx_word' id='word_1_107' title='bbox 1144 931 1209 970; x_wconf 90' lang='lat' dir='ltr'><strong>Ad</strong></span> <span class='ocrx_word' id='word_1_108' title='bbox 1233 931 1336 970; x_wconf 85' lang='lat' dir='ltr'><strong>hanc</strong></span> <span class='ocrx_word' id='word_1_109' title='bbox 1361 930 1489 982; x_wconf 86' lang='lat' dir='ltr'><strong>igitur</strong></span> <span class='ocrx_word' id='word_1_110' title='bbox 1512 943 1596 969; x_wconf 88' lang='lat' dir='ltr'><strong>rem</strong></span> <span class='ocrx_word' id='word_1_111' title='bbox 1622 943 1731 980; x_wconf 79' lang='lat' dir='ltr'><strong>spee—</strong></span> 
     </span>
    </p>
   </div>
   <div class='ocr_carea' id='block_1_10' title="bbox 0 0 118 2459">
    <p class='ocr_par' dir='ltr' id='par_1_10' title="bbox 0 0 118 2459">
     <span class='ocr_line' id='line_1_15' title="bbox 0 0 118 2459; baseline 0 0"><span class='ocrx_word' id='word_1_112' title='bbox 0 0 118 2459; x_wconf 95' lang='lat' dir='ltr'><strong> </strong></span> 
     </span>
    </p>
   </div>
   <div class='ocr_carea' id='block_1_11' title="bbox 147 981 1733 1162">
    <p class='ocr_par' dir='ltr' id='par_1_11' title="bbox 147 981 1733 1162">
     <span class='ocr_line' id='line_1_16' title="bbox 156 981 1732 1042; baseline -0.002 -11"><span class='ocrx_word' id='word_1_113' title='bbox 156 990 244 1031; x_wconf 75' lang='lat' dir='ltr'><strong>tare</strong></span> <span class='ocrx_word' id='word_1_114' title='bbox 274 981 547 1042; x_wconf 74' lang='lat' dir='ltr'><strong>fragmentum</strong></span> <span class='ocrx_word' id='word_1_115' title='bbox 570 989 656 1029; x_wconf 79' lang='lat' dir='ltr'><strong>iure</strong></span> <span class='ocrx_word' id='word_1_116' title='bbox 682 990 794 1029; x_wconf 89' lang='lat' dir='ltr'><strong>Kritz</strong></span> <span class='ocrx_word' id='word_1_117' title='bbox 819 990 1000 1042; x_wconf 88' lang='lat' dir='ltr'><strong>coniecit,</strong></span> <span class='ocrx_word' id='word_1_118' title='bbox 1033 991 1243 1030; x_wconf 87' lang='lat' dir='ltr'><strong>antidoton</strong></span> <span class='ocrx_word' id='word_1_119' title='bbox 1269 1004 1362 1030; x_wconf 86' lang='lat' dir='ltr'><strong>vero</strong></span> <span class='ocrx_word' id='word_1_120' title='bbox 1389 990 1491 1028; x_wconf 90' lang='lat' dir='ltr'><strong>illud</strong></span> <span class='ocrx_word' id='word_1_121' title='bbox 1516 990 1732 1042; x_wconf 84' lang='lat' dir='ltr'><strong>fragmenti</strong></span> 
     </span>
     <span class='ocr_line' id='line_1_17' title="bbox 147 1049 1733 1102; baseline -0.002 -12"><span class='ocrx_word' id='word_1_122' title='bbox 147 1061 243 1096; x_wconf 60' lang='lat' dir='ltr'><strong>vesse</strong></span> <span class='ocrx_word' id='word_1_123' title='bbox 279 1049 506 1089; x_wconf 87' lang='lat' dir='ltr'><strong>subiectum</strong></span> <span class='ocrx_word' id='word_1_124' title='bbox 536 1049 604 1089; x_wconf 85' lang='lat' dir='ltr'><strong>vix</strong></span> <span class='ocrx_word' id='word_1_125' title='bbox 635 1051 713 1101; x_wconf 90' lang='lat' dir='ltr'><strong>est,</strong></span> <span class='ocrx_word' id='word_1_126' title='bbox 752 1050 860 1101; x_wconf 89' lang='lat' dir='ltr'><strong>quod</strong></span> <span class='ocrx_word' id='word_1_127' title='bbox 889 1063 1092 1102; x_wconf 68' lang='lat' dir='ltr'><strong>moneam,</strong></span> <span class='ocrx_word' id='word_1_128' title='bbox 1129 1051 1268 1102; x_wconf 88' lang='lat' dir='ltr'><strong>itaque</strong></span> <span class='ocrx_word' id='word_1_129' title='bbox 1305 1050 1427 1090; x_wconf 86' lang='lat' dir='ltr'><strong>verba</strong></span> <span class='ocrx_word' id='word_1_130' title='bbox 1465 1052 1560 1090; x_wconf 87' lang='lat' dir='ltr'><strong>sunt</strong></span> <span class='ocrx_word' id='word_1_131' title='bbox 1589 1050 1733 1089; x_wconf 81' lang='lat' dir='ltr'><strong>medici</strong></span> 
     </span>
     <span class='ocr_line' id='line_1_18' title="bbox 158 1108 1440 1162; baseline -0.002 -11"><span class='ocrx_word' id='word_1_132' title='bbox 158 1108 347 1162; x_wconf 79' lang='lat' dir='ltr'><strong>Scythici,</strong></span> <span class='ocrx_word' id='word_1_133' title='bbox 378 1109 450 1161; x_wconf 87' lang='lat' dir='ltr'><strong>qui</strong></span> <span class='ocrx_word' id='word_1_134' title='bbox 479 1111 573 1160; x_wconf 89' lang='lat' dir='ltr'><strong>post</strong></span> <span class='ocrx_word' id='word_1_135' title='bbox 602 1122 783 1162; x_wconf 88' lang='lat' dir='ltr'><strong>pugnam</strong></span> <span class='ocrx_word' id='word_1_136' title='bbox 812 1110 1059 1149; x_wconf 80' lang='lat' dir='ltr'><strong>Mithridatis</strong></span> <span class='ocrx_word' id='word_1_137' title='bbox 1090 1111 1240 1151; x_wconf 77' lang='lat' dir='ltr'><strong>vulnus</strong></span> <span class='ocrx_word' id='word_1_138' title='bbox 1270 1111 1440 1151; x_wconf 81' lang='lat' dir='ltr'><strong>curavit.</strong></span> 
     </span>
    </p>
   </div>
   <div class='ocr_carea' id='block_1_12' title="bbox 277 1200 1226 1258">
    <p class='ocr_par' dir='ltr' id='par_1_12' title="bbox 277 1200 1226 1258">
     <span class='ocr_line' id='line_1_19' title="bbox 277 1200 1226 1258; baseline 0.001 -13"><span class='ocrx_word' id='word_1_139' title='bbox 277 1200 354 1246; x_wconf 83' lang='grc'><strong>8*.</strong></span> <span class='ocrx_word' id='word_1_140' title='bbox 413 1201 587 1245; x_wconf 84' lang='lat' dir='ltr'><strong>Pressi</strong></span> <span class='ocrx_word' id='word_1_141' title='bbox 618 1201 843 1258; x_wconf 89' lang='lat' dir='ltr'><strong>undique</strong></span> <span class='ocrx_word' id='word_1_142' title='bbox 874 1202 1226 1246; x_wconf 89' lang='lat' dir='ltr'><strong>multitudine.</strong></span> 
     </span>
    </p>
   </div>
   <div class='ocr_carea' id='block_1_13' title="bbox 146 1295 1732 1391">
    <p class='ocr_par' dir='ltr' id='par_1_13' title="bbox 146 1295 1732 1391">
     <span class='ocr_line' id='line_1_20' title="bbox 275 1295 1732 1343; baseline 0 -11"><span class='ocrx_word' id='word_1_143' title='bbox 275 1295 383 1343; x_wconf 85' lang='lat' dir='ltr'>App.</span> <span class='ocrx_word' id='word_1_144' title='bbox 439 1296 527 1342; x_wconf 82' lang='lat' dir='ltr'>(Ino.</span> <span class='ocrx_word' id='word_1_145' title='bbox 554 1299 600 1332; x_wconf 84' lang='lat'><strong>66</strong></span> <span class='ocrx_word' id='word_1_146' title='bbox 613 1296 663 1342; x_wconf 93' lang='lat' dir='ltr'><strong>D,</strong></span> <span class='ocrx_word' id='word_1_147' title='bbox 696 1299 741 1331; x_wconf 82' lang='lat'><strong>32</strong></span> <span class='ocrx_word' id='word_1_148' title='bbox 755 1295 806 1342; x_wconf 91' lang='lat' dir='ltr'><strong>K,</strong></span> <span class='ocrx_word' id='word_1_149' title='bbox 840 1295 924 1342; x_wconf 81' lang='lat' dir='ltr'><strong>1G,</strong></span> <span class='ocrx_word' id='word_1_150' title='bbox 956 1296 973 1331; x_wconf 95' lang='lat' dir='ltr'>I</span> <span class='ocrx_word' id='word_1_151' title='bbox 997 1309 1032 1343; x_wconf 88' lang='lat' dir='ltr'><strong>p.</strong></span> <span class='ocrx_word' id='word_1_152' title='bbox 1054 1301 1124 1333; x_wconf 85' lang='lat'><strong>404</strong></span> <span class='ocrx_word' id='word_1_153' title='bbox 1138 1297 1214 1343; x_wconf 92' lang='lat' dir='ltr'>Br.)</span> <span class='ocrx_word' id='word_1_154' title='bbox 1253 1319 1296 1323; x_wconf 96' lang='lat'><strong>—</strong></span> <span class='ocrx_word' id='word_1_155' title='bbox 1334 1296 1471 1333; x_wconf 87' lang='lat' dir='ltr'><strong>Donat.</strong></span> <span class='ocrx_word' id='word_1_156' title='bbox 1504 1296 1554 1332; x_wconf 87' lang='lat' dir='ltr'><strong>ad</strong></span> <span class='ocrx_word' id='word_1_157' title='bbox 1584 1296 1732 1332; x_wconf 85' lang='lat' dir='ltr'><strong>Terent.</strong></span> 
     </span>
     <span class='ocr_line' id='line_1_21' title="bbox 146 1342 502 1391; baseline 0.006 -12"><span class='ocrx_word' id='word_1_158' title='bbox 146 1342 318 1391; x_wconf 84' lang='lat' dir='ltr'><strong>Adelph.</strong></span> <span class='ocrx_word' id='word_1_159' title='bbox 343 1343 397 1380; x_wconf 88' lang='lat'><strong>111</strong></span> <span class='ocrx_word' id='word_1_160' title='bbox 417 1348 450 1390; x_wconf 80' lang='grc'><strong>2,</strong></span> <span class='ocrx_word' id='word_1_161' title='bbox 468 1348 502 1381; x_wconf 89' lang='grc'><strong>4.</strong></span> 
     </span>
    </p>
   </div>
   <div class='ocr_carea' id='block_1_14' title="bbox 146 1407 1730 1642">
    <p class='ocr_par' dir='ltr' id='par_1_14' title="bbox 146 1407 1730 1642">
     <span class='ocr_line' id='line_1_22' title="bbox 277 1407 1730 1464; baseline -0.001 -15"><span class='ocrx_word' id='word_1_162' title='bbox 277 1407 446 1449; x_wconf 88' lang='lat' dir='ltr'><strong>Comm.</strong></span> <span class='ocrx_word' id='word_1_163' title='bbox 506 1409 572 1464; x_wconf 84' lang='lat' dir='ltr'><strong>Ad</strong></span> <span class='ocrx_word' id='word_1_164' title='bbox 607 1423 787 1462; x_wconf 86' lang='lat' dir='ltr'><strong>pugnam</strong></span> <span class='ocrx_word' id='word_1_165' title='bbox 825 1410 941 1450; x_wconf 87' lang='lat' dir='ltr'><strong>Zelae</strong></span> <span class='ocrx_word' id='word_1_166' title='bbox 979 1411 1130 1450; x_wconf 86' lang='lat' dir='ltr'><strong>factam</strong></span> <span class='ocrx_word' id='word_1_167' title='bbox 1166 1411 1440 1463; x_wconf 84' lang='lat' dir='ltr'><strong>fragmentum</strong></span> <span class='ocrx_word' id='word_1_168' title='bbox 1476 1410 1730 1450; x_wconf 86' lang='lat' dir='ltr'><strong>referendum</strong></span> 
     </span>
     <span class='ocr_line' id='line_1_23' title="bbox 157 1464 1730 1525; baseline -0.001 -15"><span class='ocrx_word' id='word_1_169' title='bbox 157 1481 241 1510; x_wconf 81' lang='lat' dir='ltr'><strong>esse</strong></span> <span class='ocrx_word' id='word_1_170' title='bbox 271 1469 358 1510; x_wconf 83' lang='lat' dir='ltr'><strong>veri</strong></span> <span class='ocrx_word' id='word_1_171' title='bbox 384 1471 446 1510; x_wconf 89' lang='lat' dir='ltr'><strong>est</strong></span> <span class='ocrx_word' id='word_1_172' title='bbox 470 1469 599 1510; x_wconf 85' lang='lat' dir='ltr'><strong>simile</strong></span> <span class='ocrx_word' id='word_1_173' title='bbox 625 1470 772 1510; x_wconf 88' lang='lat' dir='ltr'><strong>collato</strong></span> <span class='ocrx_word' id='word_1_174' title='bbox 805 1470 933 1510; x_wconf 87' lang='lat' dir='ltr'><strong>Dione</strong></span> <span class='ocrx_word' id='word_1_175' title='bbox 966 1484 996 1510; x_wconf 85' lang='lat' dir='ltr'><strong>c.</strong></span> <span class='ocrx_word' id='word_1_176' title='bbox 1031 1473 1096 1523; x_wconf 83' lang='lat'><strong>12,</strong></span> <span class='ocrx_word' id='word_1_177' title='bbox 1124 1473 1169 1510; x_wconf 77' lang='lat'><strong>4:</strong></span> <span class='ocrx_word' id='word_1_178' title='bbox 1202 1467 1263 1522; x_wconf 84' lang='grc' dir='ltr'><strong>(οἱ</strong></span> <span class='ocrx_word' id='word_1_179' title='bbox 1289 1464 1502 1525; x_wconf 79' lang='grc' dir='ltr'><strong><em>βάρβαροι)</em></strong></span> <span class='ocrx_word' id='word_1_180' title='bbox 1533 1469 1627 1517; x_wconf 80' lang='grc' dir='ltr'><strong><em>τοὺς</em></strong></span> <span class='ocrx_word' id='word_1_181' title='bbox 1659 1467 1730 1522; x_wconf 82' lang='grc' dir='ltr'><strong><em>μὲν</em></strong></span> 
     </span>
     <span class='ocr_line' id='line_1_24' title="bbox 146 1526 1730 1586; baseline 0 -17"><span class='ocrx_word' id='word_1_182' title='bbox 146 1526 200 1569; x_wconf 51' lang='grc' dir='ltr'><strong>’ἓν</strong></span> <span class='ocrx_word' id='word_1_183' title='bbox 229 1527 336 1584; x_wconf 78' lang='grc' dir='ltr'><strong><em>χερσὶ</em></strong></span> <span class='ocrx_word' id='word_1_184' title='bbox 372 1532 431 1586; x_wconf 75' lang='grc' dir='ltr'><strong>τῷ</strong></span> <span class='ocrx_word' id='word_1_185' title='bbox 462 1543 508 1569; x_wconf 84' lang='grc' dir='ltr'><strong>τε</strong></span> <span class='ocrx_word' id='word_1_186' title='bbox 538 1529 715 1582; x_wconf 84' lang='grc' dir='ltr'><strong><em>πλήθει</em></strong></span> <span class='ocrx_word' id='word_1_187' title='bbox 745 1535 877 1580; x_wconf 86' lang='grc' dir='ltr'><strong><em>σφῶν</em></strong></span> <span class='ocrx_word' id='word_1_188' title='bbox 915 1529 1165 1584; x_wconf 83' lang='grc' dir='ltr'><strong><em>περιέσχον</em></strong></span> <span class='ocrx_word' id='word_1_189' title='bbox 1202 1529 1269 1571; x_wconf 83' lang='grc' dir='ltr'><strong><em>καὶ</em></strong></span> <span class='ocrx_word' id='word_1_190' title='bbox 1299 1529 1601 1584; x_wconf 77' lang='grc' dir='ltr'><em>κατειργάσαντο</em></span> <span class='ocrx_word' id='word_1_191' title='bbox 1632 1532 1730 1581; x_wconf 83' lang='grc' dir='ltr'><strong><em>κτλ.;</em></strong></span> 
     </span>
     <span class='ocr_line' id='line_1_25' title="bbox 156 1589 1330 1642; baseline 0.001 -12"><span class='ocrx_word' id='word_1_192' title='bbox 156 1589 432 1630; x_wconf 77' lang='lat' dir='ltr'><strong>Romanorum</strong></span> <span class='ocrx_word' id='word_1_193' title='bbox 461 1589 591 1642; x_wconf 84' lang='lat' dir='ltr'><strong>igitur</strong></span> <span class='ocrx_word' id='word_1_194' title='bbox 619 1590 682 1630; x_wconf 89' lang='lat' dir='ltr'><strong>his</strong></span> <span class='ocrx_word' id='word_1_195' title='bbox 712 1591 844 1630; x_wconf 83' lang='lat' dir='ltr'><strong>verbis</strong></span> <span class='ocrx_word' id='word_1_196' title='bbox 875 1591 1107 1630; x_wconf 86' lang='lat' dir='ltr'><strong>illustratur</strong></span> <span class='ocrx_word' id='word_1_197' title='bbox 1138 1591 1330 1631; x_wconf 87' lang='lat' dir='ltr'><strong>condicio.</strong></span> 
     </span>
    </p>
   </div>
   <div class='ocr_carea' id='block_1_15' title="bbox 156 1268 443 1275">
    <p class='ocr_par' dir='ltr' id='par_1_15' title="bbox 156 1268 443 1275">
     <span class='ocr_line' id='line_1_26' title="bbox 156 1268 443 1275; baseline 0 1909"><span class='ocrx_word' id='word_1_198' title='bbox 156 1268 443 1275; x_wconf 95' lang='lat' dir='ltr'><strong> </strong></span> 
     </span>
    </p>
   </div>
   <div class='ocr_carea' id='block_1_16' title="bbox 155 1681 1733 1812">
    <p class='ocr_par' dir='ltr' id='par_1_16' title="bbox 155 1681 1733 1812">
     <span class='ocr_line' id='line_1_27' title="bbox 209 1681 1732 1740; baseline 0 -15"><span class='ocrx_word' id='word_1_199' title='bbox 209 1696 220 1709; x_wconf 91' lang='lat'><strong>·</strong></span> <span class='ocrx_word' id='word_1_200' title='bbox 275 1681 323 1728; x_wconf 82' lang='grc'><strong>9.</strong></span> <span class='ocrx_word' id='word_1_201' title='bbox 385 1681 555 1725; x_wconf 83' lang='lat' dir='ltr'><strong>Ceteri</strong></span> <span class='ocrx_word' id='word_1_202' title='bbox 586 1682 798 1740; x_wconf 87' lang='lat' dir='ltr'><strong>negotia</strong></span> <span class='ocrx_word' id='word_1_203' title='bbox 830 1683 1183 1739; x_wconf 82' lang='lat' dir='ltr'><strong>sequebantur</strong></span> <span class='ocrx_word' id='word_1_204' title='bbox 1218 1682 1500 1725; x_wconf 85' lang='lat' dir='ltr'><strong>familiaria</strong></span> <span class='ocrx_word' id='word_1_205' title='bbox 1535 1683 1732 1740; x_wconf 86' lang='lat' dir='ltr'><strong>legato-</strong></span> 
     </span>
     <span class='ocr_line' id='line_1_28' title="bbox 155 1753 1733 1812; baseline 0 -15"><span class='ocrx_word' id='word_1_206' title='bbox 155 1769 264 1798; x_wconf 86' lang='lat' dir='ltr'><strong>rum</strong></span> <span class='ocrx_word' id='word_1_207' title='bbox 300 1756 387 1798; x_wconf 83' lang='lat' dir='ltr'><strong>aut</strong></span> <span class='ocrx_word' id='word_1_208' title='bbox 423 1753 772 1812; x_wconf 86' lang='lat' dir='ltr'><strong>tribunorum,</strong></span> <span class='ocrx_word' id='word_1_209' title='bbox 809 1757 858 1797; x_wconf 90' lang='lat' dir='ltr'><strong>et</strong></span> <span class='ocrx_word' id='word_1_210' title='bbox 896 1770 1014 1811; x_wconf 87' lang='lat' dir='ltr'><strong>pars</strong></span> <span class='ocrx_word' id='word_1_211' title='bbox 1052 1769 1142 1798; x_wconf 84' lang='lat' dir='ltr'><strong>sua</strong></span> <span class='ocrx_word' id='word_1_212' title='bbox 1178 1755 1566 1811; x_wconf 84' lang='lat' dir='ltr'><strong>commeatibus,</strong></span> <span class='ocrx_word' id='word_1_213' title='bbox 1609 1770 1733 1797; x_wconf 88' lang='lat' dir='ltr'><strong>mer-</strong></span> 
     </span>
    </p>
   </div>
   <div class='ocr_carea' id='block_1_17' title="bbox 156 1825 660 1885">
    <p class='ocr_par' dir='ltr' id='par_1_17' title="bbox 156 1822 697 1885">
     <span class='ocr_line' id='line_1_29' title="bbox 156 1825 660 1885; baseline -0.006 -16"><span class='ocrx_word' id='word_1_214' title='bbox 156 1825 298 1869; x_wconf 79' lang='lat' dir='ltr'><strong>catis.</strong></span> <span class='ocrx_word' id='word_1_215' title='bbox 331 1852 340 1874; x_wconf 60' lang='lat'>⁴.</span> <span class='ocrx_word' id='word_1_216' title='bbox 362 1827 660 1885; x_wconf 40' lang='lat' dir='ltr'><strong>Qube</strong></span> 
     </span>
    </p>
   </div>
   <div class='ocr_carea' id='block_1_18' title="bbox 155 1919 1732 2017">
    <p class='ocr_par' dir='ltr' id='par_1_18' title="bbox 155 1919 1732 2017">
     <span class='ocr_line' id='line_1_30' title="bbox 273 1919 1732 1968; baseline 0.001 -12"><span class='ocrx_word' id='word_1_217' title='bbox 273 1921 382 1967; x_wconf 88' lang='lat' dir='ltr'>App.</span> <span class='ocrx_word' id='word_1_218' title='bbox 431 1920 480 1967; x_wconf 84' lang='lat' dir='ltr'><strong>(V</strong></span> <span class='ocrx_word' id='word_1_219' title='bbox 498 1919 579 1966; x_wconf 82' lang='lat' dir='ltr'><strong>SD,</strong></span> <span class='ocrx_word' id='word_1_220' title='bbox 604 1919 684 1967; x_wconf 78' lang='grc' dir='ltr'><strong>ΒΚ,</strong></span> <span class='ocrx_word' id='word_1_221' title='bbox 708 1920 789 1967; x_wconf 78' lang='lat' dir='ltr'><strong>4Gr,</strong></span> <span class='ocrx_word' id='word_1_222' title='bbox 815 1920 850 1956; x_wconf 91' lang='grc' dir='ltr'>Π</span> <span class='ocrx_word' id='word_1_223' title='bbox 874 1934 910 1967; x_wconf 91' lang='lat' dir='ltr'><strong>p.</strong></span> <span class='ocrx_word' id='word_1_224' title='bbox 932 1924 1002 1957; x_wconf 83' lang='lat'><strong>633</strong></span> <span class='ocrx_word' id='word_1_225' title='bbox 1016 1921 1091 1967; x_wconf 66' lang='grc' dir='ltr'><strong>ΒΥ.)</strong></span> <span class='ocrx_word' id='word_1_226' title='bbox 1118 1943 1162 1947; x_wconf 93' lang='grc'>-</span> <span class='ocrx_word' id='word_1_227' title='bbox 1188 1920 1334 1957; x_wconf 87' lang='lat' dir='ltr'><strong>Nonius</strong></span> <span class='ocrx_word' id='word_1_228' title='bbox 1354 1921 1388 1956; x_wconf 90' lang='lat' dir='ltr'><strong>H</strong></span> <span class='ocrx_word' id='word_1_229' title='bbox 1412 1933 1448 1968; x_wconf 94' lang='lat' dir='ltr'><strong>p.</strong></span> <span class='ocrx_word' id='word_1_230' title='bbox 1472 1925 1549 1958; x_wconf 82' lang='lat'>138.</span> <span class='ocrx_word' id='word_1_231' title='bbox 1571 1923 1582 1967; x_wconf 91' lang='grc' dir='ltr'><strong>ΙΙ</strong></span> <span class='ocrx_word' id='word_1_232' title='bbox 1602 1933 1732 1967; x_wconf 83' lang='lat' dir='ltr'><strong>seque-</strong></span> 
     </span>
     <span class='ocr_line' id='line_1_31' title="bbox 155 1968 1730 2017; baseline 0 -11"><span class='ocrx_word' id='word_1_233' title='bbox 155 1968 310 2017; x_wconf 74' lang='lat' dir='ltr'><strong>bantur]</strong></span> <span class='ocrx_word' id='word_1_234' title='bbox 335 1968 620 2015; x_wconf 78' lang='lat' dir='ltr'><strong>exequebantur</strong></span> <span class='ocrx_word' id='word_1_235' title='bbox 643 1970 737 2006; x_wconf 76' lang='lat' dir='ltr'><strong>coni.</strong></span> <span class='ocrx_word' id='word_1_236' title='bbox 758 1970 920 2015; x_wconf 81' lang='lat' dir='ltr'><strong>Dietsch,</strong></span> <span class='ocrx_word' id='word_1_237' title='bbox 945 1974 985 2006; x_wconf 82' lang='lat' dir='ltr'><strong>at</strong></span> <span class='ocrx_word' id='word_1_238' title='bbox 1006 1971 1053 2014; x_wconf 81' lang='lat' dir='ltr'>ef.</span> <span class='ocrx_word' id='word_1_239' title='bbox 1071 1971 1119 2015; x_wconf 81' lang='lat' dir='ltr'>fr.</span> <span class='ocrx_word' id='word_1_240' title='bbox 1141 1970 1215 2004; x_wconf 91' lang='lat' dir='ltr'><strong>III</strong></span> <span class='ocrx_word' id='word_1_241' title='bbox 1229 1973 1288 2006; x_wconf 88' lang='lat'><strong>95.</strong></span> <span class='ocrx_word' id='word_1_242' title='bbox 1309 1992 1356 1996; x_wconf 96' lang='lat'><strong>—</strong></span> <span class='ocrx_word' id='word_1_243' title='bbox 1375 1971 1429 2017; x_wconf 89' lang='lat' dir='ltr'><strong>et]</strong></span> <span class='ocrx_word' id='word_1_244' title='bbox 1455 1971 1550 2006; x_wconf 79' lang='lat' dir='ltr'><strong>tollit</strong></span> <span class='ocrx_word' id='word_1_245' title='bbox 1570 1970 1730 2006; x_wconf 78' lang='lat' dir='ltr'><strong>Dietseh.</strong></span> 
     </span>
    </p>
   </div>
   <div class='ocr_carea' id='block_1_19' title="bbox 154 1894 440 1899">
    <p class='ocr_par' dir='ltr' id='par_1_19' title="bbox 154 1894 440 1899">
     <span class='ocr_line' id='line_1_32' title="bbox 154 1894 440 1899; baseline 0 0"><span class='ocrx_word' id='word_1_246' title='bbox 154 1894 440 1899; x_wconf 95' lang='lat' dir='ltr'><strong> </strong></span> 
     </span>
    </p>
   </div>
   <div class='ocr_carea' id='block_1_20' title="bbox 154 2051 1733 2413">
    <p class='ocr_par' dir='ltr' id='par_1_20' title="bbox 154 2051 1733 2329">
     <span class='ocr_line' id='line_1_33' title="bbox 277 2051 1732 2113; baseline 0.001 -15"><span class='ocrx_word' id='word_1_247' title='bbox 277 2051 386 2104; x_wconf 63' lang='lat'>10³².</span> <span class='ocrx_word' id='word_1_248' title='bbox 446 2054 578 2098; x_wconf 89' lang='lat' dir='ltr'><strong>Plut.</strong></span> <span class='ocrx_word' id='word_1_249' title='bbox 610 2054 723 2098; x_wconf 90' lang='lat' dir='ltr'>Luc.</span> <span class='ocrx_word' id='word_1_250' title='bbox 753 2070 787 2098; x_wconf 89' lang='lat' dir='ltr'><strong>c.</strong></span> <span class='ocrx_word' id='word_1_251' title='bbox 814 2057 890 2099; x_wconf 86' lang='lat'><strong>33:</strong></span> <span class='ocrx_word' id='word_1_252' title='bbox 922 2057 1201 2107; x_wconf 79' lang='grc' dir='ltr'><em>Σαλούστιος</em></span> <span class='ocrx_word' id='word_1_253' title='bbox 1237 2053 1320 2112; x_wconf 70' lang='grc' dir='ltr'><strong><em>μὲν</em></strong></span> <span class='ocrx_word' id='word_1_254' title='bbox 1351 2052 1435 2098; x_wconf 83' lang='grc' dir='ltr'><strong><em>οὗν</em></strong></span> <span class='ocrx_word' id='word_1_255' title='bbox 1466 2067 1576 2112; x_wconf 84' lang='grc' dir='ltr'><strong><em>φησι</em></strong></span> <span class='ocrx_word' id='word_1_256' title='bbox 1606 2060 1732 2113; x_wconf 84' lang='grc' dir='ltr'><strong><em>χαλε-</em></strong></span> 
     </span>
     <span class='ocr_line' id='line_1_34' title="bbox 154 2127 1731 2186; baseline 0.001 -16"><span class='ocrx_word' id='word_1_257' title='bbox 154 2133 250 2179; x_wconf 75' lang='grc' dir='ltr'><strong>πῶς</strong></span> <span class='ocrx_word' id='word_1_258' title='bbox 286 2127 550 2183; x_wconf 73' lang='grc' dir='ltr'><strong><em>διατεθῆναι</em></strong></span> <span class='ocrx_word' id='word_1_259' title='bbox 586 2129 692 2179; x_wconf 78' lang='grc' dir='ltr'><strong><em>τοὺς</em></strong></span> <span class='ocrx_word' id='word_1_260' title='bbox 729 2129 997 2185; x_wconf 80' lang='grc' dir='ltr'><strong><em>στρατιώτας</em></strong></span> <span class='ocrx_word' id='word_1_261' title='bbox 1032 2129 1145 2186; x_wconf 83' lang='grc' dir='ltr'><strong><em>πρὸς</em></strong></span> <span class='ocrx_word' id='word_1_262' title='bbox 1181 2128 1319 2172; x_wconf 90' lang='grc' dir='ltr'><strong><em>αὐτὸν</em></strong></span> <span class='ocrx_word' id='word_1_263' title='bbox 1357 2127 1496 2179; x_wconf 80' lang='grc' dir='ltr'><strong><em>εὐθὺς</em></strong></span> <span class='ocrx_word' id='word_1_264' title='bbox 1534 2128 1582 2171; x_wconf 83' lang='grc' dir='ltr'><strong><em>ἐν</em></strong></span> <span class='ocrx_word' id='word_1_265' title='bbox 1620 2128 1731 2186; x_wconf 75' lang='grc' dir='ltr'><strong><em>ἀρχῇ</em></strong></span> 
     </span>
     <span class='ocr_line' id='line_1_35' title="bbox 154 2197 1733 2259; baseline 0.001 -17"><span class='ocrx_word' id='word_1_266' title='bbox 154 2205 236 2243; x_wconf 85' lang='grc' dir='ltr'><strong>τοῦ</strong></span> <span class='ocrx_word' id='word_1_267' title='bbox 259 2197 458 2256; x_wconf 79' lang='grc' dir='ltr'><strong><em>πολέμου</em></strong></span> <span class='ocrx_word' id='word_1_268' title='bbox 480 2200 594 2257; x_wconf 79' lang='grc' dir='ltr'><strong><em>πρὸς</em></strong></span> <span class='ocrx_word' id='word_1_269' title='bbox 612 2201 788 2259; x_wconf 77' lang='grc' dir='ltr'><strong><em>Κυζίκῳ</em></strong></span> <span class='ocrx_word' id='word_1_270' title='bbox 814 2199 887 2243; x_wconf 88' lang='grc' dir='ltr'><strong><em>καὶ</em></strong></span> <span class='ocrx_word' id='word_1_271' title='bbox 911 2201 1048 2244; x_wconf 82' lang='grc' dir='ltr'><strong><em>πάλιν</em></strong></span> <span class='ocrx_word' id='word_1_272' title='bbox 1072 2201 1185 2258; x_wconf 80' lang='grc' dir='ltr'><strong><em>πρὸς</em></strong></span> <span class='ocrx_word' id='word_1_273' title='bbox 1203 2198 1379 2259; x_wconf 78' lang='grc' dir='ltr'><strong>Ἀμίσῳ,</strong></span> <span class='ocrx_word' id='word_1_274' title='bbox 1405 2200 1488 2243; x_wconf 76' lang='grc' dir='ltr'><strong>δύο</strong></span> <span class='ocrx_word' id='word_1_275' title='bbox 1513 2208 1733 2257; x_wconf 80' lang='grc' dir='ltr'><strong><em>χειμῶνας</em></strong></span> 
     </span>
     <span class='ocr_line' id='line_1_36' title="bbox 156 2269 1195 2329; baseline 0.002 -15"><span class='ocrx_word' id='word_1_276' title='bbox 156 2269 256 2329; x_wconf 62' lang='grc' dir='ltr'><strong>ἑξῆς</strong></span> <span class='ocrx_word' id='word_1_277' title='bbox 285 2269 336 2315; x_wconf 71' lang='grc' dir='ltr'><strong><em>ἐν</em></strong></span> <span class='ocrx_word' id='word_1_278' title='bbox 365 2270 524 2328; x_wconf 80' lang='grc' dir='ltr'><strong><em>χάρακι</em></strong></span> <span class='ocrx_word' id='word_1_279' title='bbox 555 2271 797 2327; x_wconf 77' lang='grc' dir='ltr'><strong><em>διαγαγεῖν</em></strong></span> <span class='ocrx_word' id='word_1_280' title='bbox 818 2271 1195 2328; x_wconf 80' lang='grc' dir='ltr'><strong><em>ἀναγκασθέντας.</em></strong></span> 
     </span>
    </p>

    <p class='ocr_par' dir='ltr' id='par_1_21' title="bbox 274 2365 1230 2413">
     <span class='ocr_line' id='line_1_37' title="bbox 274 2365 1230 2413; baseline 0.002 -12"><span class='ocrx_word' id='word_1_281' title='bbox 274 2365 381 2412; x_wconf 89' lang='lat' dir='ltr'>App.</span> <span class='ocrx_word' id='word_1_282' title='bbox 432 2365 480 2412; x_wconf 83' lang='lat' dir='ltr'><strong>(V</strong></span> <span class='ocrx_word' id='word_1_283' title='bbox 500 2365 579 2412; x_wconf 87' lang='lat' dir='ltr'><strong>5D,</strong></span> <span class='ocrx_word' id='word_1_284' title='bbox 607 2369 652 2402; x_wconf 88' lang='lat'><strong>10</strong></span> <span class='ocrx_word' id='word_1_285' title='bbox 664 2365 709 2413; x_wconf 89' lang='lat' dir='ltr'><strong>K,</strong></span> <span class='ocrx_word' id='word_1_286' title='bbox 734 2365 806 2403; x_wconf 87' lang='lat' dir='ltr'><strong>inc.</strong></span> <span class='ocrx_word' id='word_1_287' title='bbox 828 2370 873 2402; x_wconf 87' lang='grc'><strong>89</strong></span> <span class='ocrx_word' id='word_1_288' title='bbox 889 2366 931 2412; x_wconf 78' lang='lat' dir='ltr'><strong>G,</strong></span> <span class='ocrx_word' id='word_1_289' title='bbox 957 2367 992 2402; x_wconf 93' lang='lat' dir='ltr'><strong>II</strong></span> <span class='ocrx_word' id='word_1_290' title='bbox 1015 2378 1051 2413; x_wconf 91' lang='lat' dir='ltr'>p.</span> <span class='ocrx_word' id='word_1_291' title='bbox 1072 2370 1142 2403; x_wconf 84' lang='lat'><strong>543</strong></span> <span class='ocrx_word' id='word_1_292' title='bbox 1155 2367 1230 2413; x_wconf 89' lang='lat' dir='ltr'>Br.)</span> 
     </span>
    </p>
   </div>
   <div class='ocr_carea' id='block_1_21' title="bbox 155 2343 442 2350">
    <p class='ocr_par' dir='ltr' id='par_1_22' title="bbox 155 2343 442 2350">
     <span class='ocr_line' id='line_1_38' title="bbox 155 2343 442 2350; baseline 0 834"><span class='ocrx_word' id='word_1_293' title='bbox 155 2343 442 2350; x_wconf 95' lang='lat' dir='ltr'><strong> </strong></span> 
     </span>
    </p>
   </div>
   <div class='ocr_carea' id='block_1_22' title="bbox 278 2448 1177 2502">
    <p class='ocr_par' dir='ltr' id='par_1_23' title="bbox 278 2448 1177 2502">
     <span class='ocr_line' id='line_1_39' title="bbox 278 2448 1177 2502; baseline 0.002 -8"><span class='ocrx_word' id='word_1_294' title='bbox 278 2448 355 2496; x_wconf 90' lang='lat' dir='ltr'>ll.</span> <span class='ocrx_word' id='word_1_295' title='bbox 416 2449 511 2502; x_wconf 88' lang='lat' dir='ltr'><strong>Qui</strong></span> <span class='ocrx_word' id='word_1_296' title='bbox 542 2451 691 2494; x_wconf 85' lang='lat' dir='ltr'><strong>uxori</strong></span> <span class='ocrx_word' id='word_1_297' title='bbox 723 2452 832 2495; x_wconf 88' lang='lat' dir='ltr'><strong>eius</strong></span> <span class='ocrx_word' id='word_1_298' title='bbox 863 2453 1027 2495; x_wconf 86' lang='lat' dir='ltr'><strong>frater</strong></span> <span class='ocrx_word' id='word_1_299' title='bbox 1057 2456 1177 2496; x_wconf 83' lang='lat' dir='ltr'><strong>erat.</strong></span> 
     </span>
    </p>
   </div>
   <div class='ocr_carea' id='block_1_23' title="bbox 273 2545 1531 2594">
    <p class='ocr_par' dir='ltr' id='par_1_24' title="bbox 273 2545 1531 2594">
     <span class='ocr_line' id='line_1_40' title="bbox 273 2545 1531 2594; baseline 0.002 -13"><span class='ocrx_word' id='word_1_300' title='bbox 273 2545 381 2592; x_wconf 87' lang='lat' dir='ltr'>App.</span> <span class='ocrx_word' id='word_1_301' title='bbox 433 2545 481 2592; x_wconf 91' lang='lat' dir='ltr'><strong>(V</strong></span> <span class='ocrx_word' id='word_1_302' title='bbox 502 2545 579 2593; x_wconf 82' lang='grc'>71),</span> <span class='ocrx_word' id='word_1_303' title='bbox 606 2545 686 2592; x_wconf 87' lang='grc' dir='ltr'><strong>9Κ,</strong></span> <span class='ocrx_word' id='word_1_304' title='bbox 711 2546 764 2582; x_wconf 85' lang='lat' dir='ltr'><strong>IV</strong></span> <span class='ocrx_word' id='word_1_305' title='bbox 781 2549 828 2582; x_wconf 80' lang='lat'><strong>47</strong></span> <span class='ocrx_word' id='word_1_306' title='bbox 843 2545 887 2593; x_wconf 82' lang='lat' dir='ltr'><strong>G,</strong></span> <span class='ocrx_word' id='word_1_307' title='bbox 912 2546 947 2582; x_wconf 88' lang='lat' dir='ltr'>H</span> <span class='ocrx_word' id='word_1_308' title='bbox 970 2558 1005 2593; x_wconf 91' lang='lat' dir='ltr'><strong>p.</strong></span> <span class='ocrx_word' id='word_1_309' title='bbox 1027 2550 1072 2582; x_wconf 87' lang='lat'><strong>53</strong></span> <span class='ocrx_word' id='word_1_310' title='bbox 1086 2547 1162 2594; x_wconf 89' lang='lat' dir='ltr'>Br.)</span> <span class='ocrx_word' id='word_1_311' title='bbox 1189 2569 1232 2574; x_wconf 89' lang='lat'>—</span> <span class='ocrx_word' id='word_1_312' title='bbox 1259 2547 1366 2584; x_wconf 87' lang='lat' dir='ltr'><strong>Arus.</strong></span> <span class='ocrx_word' id='word_1_313' title='bbox 1394 2559 1429 2593; x_wconf 89' lang='lat' dir='ltr'><strong>p.</strong></span> <span class='ocrx_word' id='word_1_314' title='bbox 1450 2552 1531 2584; x_wconf 80' lang='lat'>474.</span> 
     </span>
    </p>
   </div>
   <div class='ocr_carea' id='block_1_24' title="bbox 154 2610 1730 3021">
    <p class='ocr_par' dir='ltr' id='par_1_25' title="bbox 154 2610 1730 2964">
     <span class='ocr_line' id='line_1_41' title="bbox 275 2610 1729 2666; baseline 0.002 -16"><span class='ocrx_word' id='word_1_315' title='bbox 275 2610 443 2651; x_wconf 88' lang='lat' dir='ltr'><strong>Comm.</strong></span> <span class='ocrx_word' id='word_1_316' title='bbox 498 2611 667 2651; x_wconf 87' lang='lat' dir='ltr'><strong>Publius</strong></span> <span class='ocrx_word' id='word_1_317' title='bbox 694 2611 869 2664; x_wconf 84' lang='lat' dir='ltr'><strong>Clodius,</strong></span> <span class='ocrx_word' id='word_1_318' title='bbox 894 2612 1056 2652; x_wconf 88' lang='lat' dir='ltr'><strong>Luculli</strong></span> <span class='ocrx_word' id='word_1_319' title='bbox 1081 2613 1252 2666; x_wconf 85' lang='lat' dir='ltr'><strong>legatus,</strong></span> <span class='ocrx_word' id='word_1_320' title='bbox 1285 2614 1416 2653; x_wconf 86' lang='lat' dir='ltr'><strong>dictus</strong></span> <span class='ocrx_word' id='word_1_321' title='bbox 1442 2616 1513 2665; x_wconf 89' lang='lat' dir='ltr'><strong>est,</strong></span> <span class='ocrx_word' id='word_1_322' title='bbox 1546 2614 1595 2653; x_wconf 86' lang='lat' dir='ltr'><strong>cf.</strong></span> <span class='ocrx_word' id='word_1_323' title='bbox 1621 2614 1729 2654; x_wconf 91' lang='lat' dir='ltr'><strong>Plut.</strong></span> 
     </span>
     <span class='ocr_line' id='line_1_42' title="bbox 154 2665 1730 2727; baseline 0.002 -17"><span class='ocrx_word' id='word_1_324' title='bbox 154 2669 252 2710; x_wconf 87' lang='lat' dir='ltr'>Luc.</span> <span class='ocrx_word' id='word_1_325' title='bbox 277 2683 310 2710; x_wconf 87' lang='lat' dir='ltr'><strong>c.</strong></span> <span class='ocrx_word' id='word_1_326' title='bbox 334 2672 408 2710; x_wconf 87' lang='lat'><strong>34:</strong></span> <span class='ocrx_word' id='word_1_327' title='bbox 438 2665 496 2724; x_wconf 79' lang='grc' dir='ltr'><strong><em>ἦν</em></strong></span> <span class='ocrx_word' id='word_1_328' title='bbox 528 2668 576 2711; x_wconf 80' lang='grc' dir='ltr'><strong>δὲ</strong></span> <span class='ocrx_word' id='word_1_329' title='bbox 606 2677 688 2723; x_wconf 83' lang='grc' dir='ltr'><strong>τῆς</strong></span> <span class='ocrx_word' id='word_1_330' title='bbox 713 2671 1028 2713; x_wconf 81' lang='grc' dir='ltr'><strong><em>Λουκούλλου</em></strong></span> <span class='ocrx_word' id='word_1_331' title='bbox 1059 2673 1290 2727; x_wconf 86' lang='grc' dir='ltr'><strong><em>γυναικὸς</em></strong></span> <span class='ocrx_word' id='word_1_332' title='bbox 1321 2672 1549 2725; x_wconf 77' lang='grc' dir='ltr'><strong>ἀδελφός,</strong></span> <span class='ocrx_word' id='word_1_333' title='bbox 1579 2671 1632 2725; x_wconf 74' lang='grc' dir='ltr'><strong><em>ἣν</em></strong></span> <span class='ocrx_word' id='word_1_334' title='bbox 1663 2673 1730 2714; x_wconf 82' lang='grc' dir='ltr'><strong><em>καὶ</em></strong></span> 
     </span>
     <span class='ocr_line' id='line_1_43' title="bbox 155 2726 1729 2786; baseline 0.003 -16"><span class='ocrx_word' id='word_1_335' title='bbox 155 2729 407 2784; x_wconf 80' lang='grc' dir='ltr'><strong><em>διαφθείρειν</em></strong></span> <span class='ocrx_word' id='word_1_336' title='bbox 425 2729 534 2784; x_wconf 78' lang='grc' dir='ltr'><strong><em>ἔσχεν</em></strong></span> <span class='ocrx_word' id='word_1_337' title='bbox 553 2731 682 2771; x_wconf 85' lang='grc' dir='ltr'><strong><em>αἰτίαν</em></strong></span> <span class='ocrx_word' id='word_1_338' title='bbox 701 2730 1015 2785; x_wconf 76' lang='grc' dir='ltr'><strong><em>ἀκολαστοτάτην</em></strong></span> <span class='ocrx_word' id='word_1_339' title='bbox 1034 2726 1174 2785; x_wconf 79' lang='grc' dir='ltr'><strong><em>οὖσαν,</em></strong></span> <span class='ocrx_word' id='word_1_340' title='bbox 1194 2734 1299 2773; x_wconf 86' lang='lat' dir='ltr'><strong>idem</strong></span> <span class='ocrx_word' id='word_1_341' title='bbox 1318 2733 1435 2773; x_wconf 88' lang='lat' dir='ltr'><strong>Dion.</strong></span> <span class='ocrx_word' id='word_1_342' title='bbox 1457 2746 1487 2772; x_wconf 91' lang='lat' dir='ltr'><strong>c.</strong></span> <span class='ocrx_word' id='word_1_343' title='bbox 1512 2736 1578 2786; x_wconf 88' lang='lat'><strong>14,</strong></span> <span class='ocrx_word' id='word_1_344' title='bbox 1596 2736 1641 2773; x_wconf 90' lang='lat'><strong>4:</strong></span> <span class='ocrx_word' id='word_1_345' title='bbox 1662 2733 1729 2774; x_wconf 84' lang='grc' dir='ltr'><strong><em>καὶ</em></strong></span> 
     </span>
     <span class='ocr_line' id='line_1_44' title="bbox 155 2786 1729 2846; baseline 0.003 -16"><span class='ocrx_word' id='word_1_346' title='bbox 155 2786 336 2843; x_wconf 81' lang='grc' dir='ltr'><strong>μάλισθ’,</strong></span> <span class='ocrx_word' id='word_1_347' title='bbox 367 2789 428 2830; x_wconf 80' lang='grc' dir='ltr'><strong>ὅτι</strong></span> <span class='ocrx_word' id='word_1_348' title='bbox 452 2791 660 2839; x_wconf 84' lang='grc' dir='ltr'><strong><em>Πούπλιος</em></strong></span> <span class='ocrx_word' id='word_1_349' title='bbox 685 2791 866 2840; x_wconf 82' lang='grc' dir='ltr'><strong><em>Κλώδιος</em></strong></span> <span class='ocrx_word' id='word_1_350' title='bbox 892 2824 900 2832; x_wconf 94' lang='grc'><strong>.</strong></span> <span class='ocrx_word' id='word_1_351' title='bbox 922 2825 931 2832; x_wconf 96' lang='grc'><strong>.</strong></span> <span class='ocrx_word' id='word_1_352' title='bbox 952 2825 960 2832; x_wconf 94' lang='grc'><strong>.</strong></span> <span class='ocrx_word' id='word_1_353' title='bbox 981 2825 989 2833; x_wconf 94' lang='grc'><em>.</em></span> <span class='ocrx_word' id='word_1_354' title='bbox 1016 2793 1290 2840; x_wconf 83' lang='grc' dir='ltr'><strong><em>συνεστασίαζε</em></strong></span> <span class='ocrx_word' id='word_1_355' title='bbox 1321 2799 1426 2844; x_wconf 83' lang='grc' dir='ltr'><strong><em>σφᾶς</em></strong></span> <span class='ocrx_word' id='word_1_356' title='bbox 1451 2788 1522 2832; x_wconf 82' lang='grc' dir='ltr'><strong>ὑπ’</strong></span> <span class='ocrx_word' id='word_1_357' title='bbox 1549 2792 1729 2846; x_wconf 79' lang='grc' dir='ltr'><strong><em>ἐμφύτου</em></strong></span> 
     </span>
     <span class='ocr_line' id='line_1_45' title="bbox 154 2850 1730 2910; baseline 0.003 -19"><span class='ocrx_word' id='word_1_358' title='bbox 154 2851 469 2905; x_wconf 81' lang='grc' dir='ltr'><strong><em>νεωτεροποιίας,</em></strong></span> <span class='ocrx_word' id='word_1_359' title='bbox 497 2850 638 2905; x_wconf 79' lang='grc' dir='ltr'><strong><em>καίπερ</em></strong></span> <span class='ocrx_word' id='word_1_360' title='bbox 669 2857 751 2904; x_wconf 83' lang='grc' dir='ltr'><strong>τῆς</strong></span> <span class='ocrx_word' id='word_1_361' title='bbox 782 2850 995 2906; x_wconf 78' lang='grc' dir='ltr'><strong><em>ἀδελφῆς</em></strong></span> <span class='ocrx_word' id='word_1_362' title='bbox 1027 2852 1174 2894; x_wconf 77' lang='grc' dir='ltr'><strong><em>αὐτοῦ</em></strong></span> <span class='ocrx_word' id='word_1_363' title='bbox 1206 2857 1264 2909; x_wconf 82' lang='grc' dir='ltr'><strong>τῷ</strong></span> <span class='ocrx_word' id='word_1_364' title='bbox 1294 2853 1586 2910; x_wconf 73' lang='grc' dir='ltr'><strong><em>Λουκούλλῳ</em></strong></span> <span class='ocrx_word' id='word_1_365' title='bbox 1617 2866 1730 2895; x_wconf 88' lang='grc' dir='ltr'><strong><em>συν-</em></strong></span> 
     </span>
     <span class='ocr_line' id='line_1_46' title="bbox 156 2911 398 2964; baseline -0.004 -12"><span class='ocrx_word' id='word_1_366' title='bbox 156 2911 398 2964; x_wconf 75' lang='grc' dir='ltr'><strong><em>οικούσης.</em></strong></span> 
     </span>
    </p>

    <p class='ocr_par' dir='ltr' id='par_1_26' title="bbox 228 2983 1442 3021">
     <span class='ocr_line' id='line_1_47' title="bbox 228 2983 1442 3021; baseline 0.002 -9"><span class='ocrx_word' id='word_1_367' title='bbox 228 2983 464 3021; x_wconf 65' lang='lat' dir='ltr'><strong>Sallu-tius,</strong></span> <span class='ocrx_word' id='word_1_368' title='bbox 483 2984 530 3013; x_wconf 82' lang='lat' dir='ltr'><strong>ed.</strong></span> <span class='ocrx_word' id='word_1_369' title='bbox 549 2985 814 3014; x_wconf 73' lang='lat' dir='ltr'><strong>Mauronbreeher.</strong></span> <span class='ocrx_word' id='word_1_370' title='bbox 839 2987 881 3014; x_wconf 90' lang='lat'><strong>11.</strong></span> <span class='ocrx_word' id='word_1_371' title='bbox 1399 2984 1442 3015; x_wconf 83' lang='lat'><strong>13</strong></span> 
     </span>
    </p>
   </div>
   <div class='ocr_carea' id='block_1_25' title="bbox 155 2517 440 2524">
    <p class='ocr_par' dir='ltr' id='par_1_27' title="bbox 155 2517 440 2524">
     <span class='ocr_line' id='line_1_48' title="bbox 155 2517 440 2524; baseline 0 660"><span class='ocrx_word' id='word_1_372' title='bbox 155 2517 440 2524; x_wconf 95' lang='lat' dir='ltr'><strong> </strong></span> 
     </span>
    </p>
   </div>
  </div>
 </body>
</html>
