1916 3178
874 146 1133 186 -ρ-

222 251 510 306 vituperatum
542 253 624 307 est,
662 250 772 292 sicut
803 250 979 305 antiquo
1016 250 1090 291 illo
1123 250 1428 306 epigrammate
1460 249 1572 304 apud
1602 248 1778 300 Quintil.

222 321 324 364 VIII
344 323 383 376 3,
403 323 458 363 28
492 324 675 363 servato:

464 392 543 433 ‘Et
574 392 703 433 verba
734 391 899 447 antiqui
930 392 1113 433 multum
1144 392 1282 434 furate
1316 391 1506 448 Catonis,

464 462 627 518 Crispe,
660 462 938 519 Iugurthinae
971 462 1164 504 conditor
1196 462 1434 518 historiae’,

223 534 335 588 quod
372 532 514 574 nescio
555 548 610 574 an
640 533 825 589 Lenaeo,
861 533 1054 588 Pompeii
1094 533 1249 574 liberto
1290 531 1573 590 attribuam.¹)
1643 532 1781 576 Simul

222 604 397 645 Asinius
434 603 555 645 Polio
594 603 751 646 librum
795 604 1051 659 composuit,
1088 604 1192 659 ‘quo
1231 603 1405 646 Sallusti
1445 604 1602 660 scripta
1642 618 1780 660 repre-

221 674 369 716 hendit
389 677 437 716 ut
455 674 587 716 nimia
606 675 843 730 priscorum
867 675 1095 716 verborum
1114 676 1382 717 affectatione
1403 673 1621 732 oblita'²);
1641 674 1780 718 simile

223 746 274 786 de
318 745 520 787 Sallustio
571 745 774 787 iudicium
821 746 1012 787 tulerunt
1056 745 1209 787 Caesar
1250 744 1535 803 Augustus³)‚
1578 743 1780 803 Livius⁴),

222 815 434 872 Seneca5).
468 815 691 858 Orationes
718 831 816 858 vero
843 831 867 857 a
886 816 1088 858 Sallustio
1115 816 1315 871 operibus
1340 816 1483 858 addita
1509 815 1781 871 reprehendit

220 887 450 942 Pompeius
475 885 692 943 Trogus.‘³)
735 886 886 943 Viden,
918 890 1077 942 quanta
1108 887 1403 942 aspernatione
1435 887 1551 928 illius
1582 887 1674 929 aevi
1705 886 1777 929 ho-

222 959 358 1000 mines
396 958 509 1000 docti
542 957 792 999 Sallustium
824 958 1156 1013 repudiaverint!
1205 958 1396 1008 Quocum
1433 957 1630 1000 convenit
1666 957 1780 1014 quod

221 1027 431 1084 Plinius7)
456 1043 688 1084 numquam
714 1044 763 1070 eo
790 1043 892 1070 usus
919 1031 983 1070 est
1009 1031 1190 1070 auctore.
1230 1028 1387 1071 Contra
1412 1028 1484 1070 alii
1511 1028 1779 1085 exstiterunt,

222 1099 295 1154 qui
333 1098 582 1141 Sallustium
626 1099 913 1155 imitarentur,
958 1099 1067 1141 sicut
1110 1099 1286 1141 ridicule
1324 1099 1556 1142 Arruntius
1599 1114 1648 1142 ac
1690 1114 1777 1142 mo-

222 1169 382 1211 destius
414 1170 604 1212 Velleius
635 1170 902 1226 Paterculus,
933 1170 1160 1225 paulloque
1191 1173 1340 1225 postea
1372 1169 1544 1212 Curtius
1575 1169 1778 1228 Rufus⁸):

222 1241 350 1282 etiam
388 1240 546 1282 Seneca
586 1241 731 1282 rhetor
770 1240 974 1282 historica
1009 1240 1199 1283 Sallustii
1238 1256 1365 1296 opera
1405 1256 1492 1282 non
1529 1243 1778 1297 aspernatus

222 1309 336 1367 est.⁹)
386 1310 466 1353 Sed
492 1311 629 1367 magis
655 1311 875 1367 magisque
901 1312 955 1353 ab
981 1315 1161 1353 exeunte
1186 1312 1324 1367 primo
1349 1327 1388 1367 p.
1416 1311 1511 1353 Chr.
1536 1327 1576 1354 n.
1609 1311 1777 1354 saeculo

221 1382 418 1423 admirati
463 1385 562 1423 sunt
598 1382 780 1423 Romani
818 1381 1080 1439 Sallustium,
1121 1383 1288 1438 iamque
1327 1382 1512 1424 scribere
1549 1382 1642 1424 ausi
1679 1384 1779 1424 sunt

220 1452 430 1494 Martialis
442 1451 510 1509 ¹⁰):

400 1523 502 1565 ‘Hie
534 1516 615 1565 erit
647 1526 694 1565 ut
725 1524 951 1579 perhibent
984 1524 1205 1566 doctorum
1237 1524 1363 1566 corda
1394 1524 1594 1579 virorum,

398 1594 568 1636 Primus
599 1595 791 1636 Romana
823 1594 996 1649 Crispus
1028 1595 1072 1636 in
1102 1595 1315 1651 historia',

222 1667 264 1706 et
297 1665 517 1707 Cornelius
548 1663 797 1721 Tacitus¹¹):
836 1665 1101 1721 ‘Sallustius,
1138 1681 1279 1707 rerum
1310 1667 1598 1708 Romanarum
1629 1665 1778 1708 floren-

222 1735 412 1777 tissimus
454 1736 633 1777 auctor’.
704 1735 912 1777 Aemilius
949 1736 1087 1791 Asper
1100 1735 1150 1793 ι9)
1193 1737 1237 1778 in
1274 1737 1407 1778 libros
1450 1736 1659 1792 Sallustii,
1702 1736 1777 1778 im-

221 1806 370 1861 primis
420 1806 465 1847 in
513 1806 732 1862 historias,
782 1806 932 1848 iisdem
981 1807 1068 1848 fere
1119 1808 1382 1862 temporibus
1426 1807 1777 1850 commentarium

344 1936 378 1980 1)
404 1935 457 1970 Cf.
485 1935 586 1970 Suet.
612 1935 657 1969 de
683 1946 838 1980 gramm.
862 1939 914 1970 15.

340 1996 377 2039 2)
404 1994 503 2031 Suet.
531 1993 577 2029 de
603 2005 759 2039 gramm.
783 1999 845 2039 10;
872 1994 916 2030 cf.
944 1994 1037 2030 Gell.
1057 1995 1091 2029 X
1110 1999 1166 2030 26.

341 2055 377 2098 3)
405 2053 506 2088 Suet.
532 2053 690 2098 August.
718 2057 774 2089 86.

340 2113 376 2158 4)
402 2111 543 2147 Seneca
573 2113 688 2148 contr.
710 2112 760 2146 1X
781 2116 810 2155 1,
838 2116 898 2155 143
933 2112 1027 2147 adde
1053 2112 1153 2158 quod
1177 2112 1304 2148 Livius
1329 2123 1405 2148 non
1429 2113 1485 2148 ita
1515 2123 1626 2159 saepe
1656 2113 1775 2149 histo-

221 2170 286 2205 riis
313 2170 416 2205 fonte
442 2182 531 2205 usus
557 2172 623 2206 est.

343 2230 379 2275 5)
404 2229 522 2275 Epist.
548 2230 633 2264 XIX
652 2234 684 2274 ὅ,
707 2234 749 2265 17
765 2242 817 2274 sq.

341 2291 377 2334 6)
402 2288 529 2324 lustin.
550 2289 740 2324 XXXVIII
761 2294 792 2324 3.

341 2349 376 2393 7)
403 2347 455 2383 Cf.
477 2349 670 2383 auctorum
695 2347 849 2391 indices,
876 2348 1008 2393 quibus
1031 2360 1235 2394 numquam
1255 2349 1455 2385 Sallustius
1474 2348 1686 2385 nominatus
1707 2350 1773 2386 est.

340 2408 378 2452 8)
405 2406 459 2442 Cf.
480 2406 727 2442 Wiedemann
752 2406 792 2441 in
818 2406 952 2442 Philol.
972 2407 1090 2443 XXX1
1117 2421 1152 2453 p.
1174 2413 1252 2444 756.

341 2467 376 2511 9)
401 2465 525 2502 Contr.
544 2466 595 2500 ΠΙ
620 2478 674 2511 pr.
695 2469 733 2510 8;
760 2466 805 2500 cf.
831 2466 1001 2502 Ribbeck
1026 2466 1066 2500 in
1090 2468 1183 2503 Mus.
1210 2468 1326 2503 Rhen.
1346 2467 1462 2503 XLVI
1486 2479 1522 2513 Ρ.
1543 2471 1623 2504 333.

319 2526 375 2569 10)
400 2524 486 2559 XIV
504 2528 567 2559 191
595 2524 633 2565 in
659 2523 930 2569 epigrammate
957 2535 1053 2559 anno
1080 2529 1125 2560 84
1150 2525 1209 2560 vel
1235 2529 1280 2561 85
1305 2525 1418 2561 edito.

319 2586 375 2628 11)
401 2583 494 2618 Ann.
519 2583 570 2617 ΙΙΙ
595 2587 657 2627 30;
689 2583 735 2617 de
760 2582 882 2618 Taciti
907 2583 1041 2618 studiis
1068 2583 1308 2619 Sallustianis
1340 2583 1508 2619 conferas
1534 2581 1706 2618 Wfflfflin
1731 2582 1771 2618 in

221 2641 354 2678 Philol.
381 2642 500 2677 XXVI
524 2654 559 2688 p.
581 2646 659 2677 122.

318 2703 374 2746 12)
400 2700 620 2746 Nuperrime
652 2711 738 2736 vero
769 2701 1032 2745 Lammerhirt,
1072 2701 1147 2746 „de
1179 2701 1384 2747 priscorum
1416 2701 1638 2747 scriptorum
1675 2699 1769 2736 locis

221 2771 244 2794 a
269 2760 397 2795 Servio
423 2760 577 2794 allatis“
612 2759 715 2805 (diss.
739 2760 818 2794 Jen.
850 2762 955 2806 1890)
986 2760 1136 2795 Aemilii
1161 2761 1294 2805 Asperi
1326 2761 1489 2796 aetatem
1523 2759 1588 2794 fini
1619 2759 1771 2794 secundi

222 2818 362 2853 saeculi
396 2818 547 2854 tertiive
587 2818 697 2854 initio
732 2818 943 2863 adscripsit.
1002 2818 1184 2862 Equidem
1221 2819 1478 2863 quaestionem
1512 2817 1772 2853 difficillimam

222 2877 426 2911 diiudicare
452 2889 526 2912 non
551 2878 681 2912 audeo.
