1976 3190
562 157 762 195 Enarratio
781 160 932 192 43—51.
961 178 1005 183 ——
1032 157 1260 203 Fragmenta
1279 160 1432 192 43—45.
1696 156 1782 197 125

154 325 162 330 ἢ
329 268 559 312 Praeterea
588 268 671 311 hoc
707 281 821 310 anno
858 266 1108 322 triumphus
1138 266 1316 308 habitus
1355 268 1420 308 est
1454 265 1497 308 G.
1531 265 1728 308 Curionis
1761 281 1783 306 e

201 338 462 384 Macedonia
499 339 722 396 provincia
758 338 928 382 reversi.
997 337 1078 388 Qui
1117 353 1229 380 anno
1270 339 1326 380 74
1364 337 1557 379 bellum
1595 337 1782 380 Darda-

208 411 377 455 nicum
408 411 573 468 optime
604 410 788 454 confecit
820 407 896 467 (fr.
922 410 992 464 49,
1024 406 1121 466 50),
1158 408 1211 450 ad
1243 408 1489 451 Danuvium
1520 423 1659 464 usque
1697 408 1783 464 pri·
1802 409 1873 465 49,
1893 409 1951 451 50

200 497 306 527 *mus
342 483 637 527 Romanorum
674 496 947 539 progressus3
990 480 1252 523 rebellantes
1290 495 1391 522 vero
1429 480 1653 523 Dardanos
1691 495 1784 537 gra-

207 555 397 599 vissimis
423 556 622 598 affecerat
648 553 887 610 suppliciis,
918 553 970 595 cf.
997 551 1149 595 Amm.
1175 552 1321 594 Marc.
1348 551 1491 594 XXIV
1517 552 1557 607 5,
1577 553 1652 595 22:
1685 551 1784 607 ‘pri-

208 627 405 670 moribus
435 641 588 669 manus
618 625 782 680 incidit,
813 624 1008 666 residuos
1040 622 1256 679 supplicio
1286 622 1462 678 capitali
1488 622 1701 678 multavit,
1732 622 1785 664 ad

207 698 541 742 aemulationem
573 696 788 752 Curionis,
825 695 1022 738 acerrimi
1054 695 1171 737 illius
1203 694 1341 751 ducis,
1379 693 1453 749 qui
1486 694 1785 736 Dardanorum

204 770 411 814 ferociam
441 769 487 812 in
516 769 692 812 modum
716 768 931 810 Lernaeae
963 766 1178 822 serpentis
1203 765 1465 821 aliquotiens
1490 768 1785 807 renascentem

205 842 289 886 hoc
313 857 471 900 genere
496 855 735 897 poenarum
760 839 997 882 exstinxit.'
1022 864 1072 869 ——
1101 838 1212 880 Tum
1237 852 1350 879 anno
1379 838 1434 880 73
1460 836 1517 879 M.
1538 836 1785 878 Lucullus

176 914 358 964 ,consul
393 913 438 956 in
468 912 764 956 Macedoniam
796 911 1108 966 Thraciamque
1147 909 1304 952 missus
1342 911 1407 951 est
1448 906 1523 967 (fr.
1551 906 1640 965 51).
1703 907 1783 958 Qui
1805 911 1858 953 51

182 984 341 1028 ,atroci
381 985 436 1028 ad
471 984 687 1027 Haemum
726 986 919 1026 montem
958 997 1107 1039 pugna
1144 981 1331 1024 Thraces
1368 980 1490 1036 vicit,
1536 979 1635 1022 dein
1674 994 1783 1021 com-

204 1056 353 1114 plures
372 1071 522 1100 eorum
541 1056 750 1112 civitates,
770 1056 889 1098 velut
908 1053 1239 1110 Eumolpiaden,
1257 1052 1560 1108 Uscudamam,
1580 1051 1785 1107 Cabylen,

205 1128 486 1186 expugnavit.

851 1218 1138 1263 Fragmenta.

324 1293 436 1339 43⁸³.
491 1294 626 1339 Serv.
658 1295 718 1337 ad
748 1295 866 1338 Aen.
892 1293 976 1338 VH
1004 1295 1107 1337 728:
1140 1292 1292 1349 ‘Galea
1324 1292 1476 1334 civitas
1507 1294 1574 1334 est
1607 1290 1785 1346 Campa-

203 1366 301 1411 niae
328 1401 366 1410 ..
387 1401 396 1410 .
417 1402 426 1410 .
453 1370 520 1410 est
558 1370 602 1410 et
639 1367 685 1409 in
717 1366 950 1423 Gallaecia,
989 1381 1118 1422 quam
1150 1364 1382 1408 Sallustius
1420 1367 1592 1420 captam
1631 1378 1656 1404 a
1686 1363 1784 1405 Per-

204 1453 341 1495 perna
371 1438 708 1482 commemorat?

325 1547 432 1592 App.
482 1545 571 1591 (Ine.
597 1544 706 1590 371),
739 1544 824 1590 3Κ,
856 1544 891 1579 Π
912 1548 955 1579 17
971 1544 1019 1589 G,
1052 1543 1086 1578 II
1116 1556 1151 1589 p.
1174 1546 1242 1578 183
1256 1543 1331 1588 Br.)
1363 1544 1375 1588 fl
1407 1541 1618 1587 Gallaecia]
1658 1539 1786 1576 Gallia

204 1593 323 1639 codd„
346 1604 439 1631 corr.
466 1593 565 1630 Voss.

326 1688 438 1735 44⁴².
500 1689 591 1733 Oui
621 1704 803 1733 nomen
835 1688 1121 1732 oblivionis
1153 1687 1503 1731 condiderant.

325 1784 434 1832 App.
479 1784 509 1839 (I
529 1784 632 1830 761),
659 1784 762 1830 75K‚
791 1783 916 1829 114G,
943 1783 978 1818 H
1002 1794 1036 1828 p.
1060 1785 1128 1818 185
1142 1782 1217 1828 Br.)
1244 1803 1288 1808 —
1315 1781 1416 1817 Serv.
1444 1781 1494 1816 ad
1519 1780 1610 1815 Aen.
1639 1780 1754 1815 1267.
1776 1783 1787 1827 ζξ

206 1797 472 1880 condiderant]
497 1831 719 1868 indiderant
743 1833 836 1869 coni.
858 1813 1018 1868 Dietsch.

326 1909 493 1951 Comm.
554 1910 598 1949 P.
623 1909 882 1950 Bienkowski
911 1922 1041 1959 nuper
1072 1902 1255 1962 (Wiener
1286 1906 1456 1946 Studien
1481 1905 1581 1944 XIII
1612 1919 1651 1956 p.
1681 1899 1785 1958 156)

206 1971 478 2023 augmentum
509 1970 561 2010 ad
585 1970 739 2009 Metelli
770 1969 975 2020 quandam
1007 1968 1301 2019 expeditionem
1332 1980 1437 2006 anno
1467 1968 1519 2005 78
1554 1966 1592 2004 in
1623 1964 1784 2003 Lusita-

206 2030 317 2071 niam
352 2030 503 2070 factam
539 2030 718 2080 rettulit;
756 2032 800 2068 at
837 2031 926 2067 tum
962 2029 1173 2067 Metellum
1210 2028 1252 2066 in
1289 2027 1519 2066 inferiorem
1549 2024 1785 2063 Lusitaniae

204 2091 364 2142 partem
389 2092 512 2141 atque
537 2102 666 2141 usque
687 2061 738 2128 a⁷d
756 2090 963 2128 Limaeam
988 2088 1137 2127 flumen
1156 2087 1394 2138 processisse
1419 2086 1488 2125 vix
1507 2085 1614 2125 credi
1638 2085 1783 2135 potest.

207 2149 340 2198 Quare
383 2150 435 2189 ad
473 2149 698 2200 Perpernae
741 2162 804 2189 res
846 2161 970 2200 prope
1013 2147 1151 2187 Calem
1193 2149 1328 2200 gestas
1373 2146 1561 2220 equidem
1605 2146 1784 2195 spectare

206 2209 329 2250 verba
358 2209 497 2250 malui.

326 2300 437 2347 45¹².
498 2300 595 2346 Sed
624 2300 869 2345 Metellus
901 2300 953 2343 in
984 2299 1236 2343 ulteriore
1268 2297 1549 2354 provincia.

323 2396 431 2443 App.
475 2395 524 2442 (II
542 2392 1371 2441 241),3οΚ,23(1,Ιρ.5εοΒτ.).-1)οηαι
1393 2392 1444 2427 ad
1462 2392 1610 2427 Terent
1633 2391 1782 2426 Phorm.

202 2443 226 2479 Ι
240 2447 296 2490 14,
318 2447 380 2481 15·
404 2443 466 2480 An
493 2444 603 2479 ‘'sed.
627 2443 712 2478 finis
738 2442 941 2489 superioris
968 2441 1179 2478 sententiae
1211 2442 1280 2487 est,
1312 2442 1356 2476 ut
1386 2439 1588 2476 Sallustius
1615 2450 1645 2475 e.
1667 2450 1701 2483 q.
1724 2450 1751 2474 s.
1774 2468 1786 2485 λ

204 2491 287 2540 sed]
313 2491 346 2527 si
375 2491 415 2528 0.
442 2513 487 2518 —
512 2491 725 2538 provincia]
750 2490 987 2537 provinciam
1015 2489 1054 2526 Ο.

323 2569 493 2610 00111111.
556 2558 717 2620 Optime
749 2568 927 2621 Dietsch,
966 2581 1058 2607 cum
1089 2567 1363 2619 fragmentum
1394 2565 1435 2604 in
1474 2565 1550 2603 fine
1584 2563 1785 2603 enuntiati

205 2629 376 2669 alicuius
419 2629 544 2669 fuisse
588 2628 806 2668 secundum
850 2599 1056 2668 Doimtum
1100 2628 1258 2679 pateat,
1301 2625 1471 2666 coniecit
1517 2625 1563 2663 de
1608 2623 1784 2662 hibernis

203 2689 376 2730 similive
407 2702 449 2729 re
480 2690 556 2729 hoc
587 2689 814 2741 fragmento
847 2688 926 2745 agi.
988 2687 1151 2727 Metello
1190 2700 1306 2726 nemo
1345 2686 1426 2724 fere
1459 2684 1538 2722 nisi
1569 2682 1784 2734 Pompeius

203 2749 247 2788 in
270 2749 403 2801 priore
429 2749 631 2789 enuntiati
656 2748 778 2787 huius
803 2749 918 2799 parte
945 2747 1094 2815 opponi
1118 2746 1264 2798 potuit.
1321 2745 1408 2785 Sin
1396 2744 1670 2795 inquirimus,
1704 2756 1784 2793 quo
1809 2783 1813 2786 ,

206 2822 311 2850 anno
339 2809 553 2860 Pompeius
579 2808 690 2860 alibi,
716 2807 785 2848 sed
808 2807 1032 2847 Metellus
1022 2821 1064 2846 111
1088 2807 1280 2846 ulteriore
1305 2805 1504 2855 Hispania
1530 2803 1676 2843 morati
1703 2803 1785 2842 sint

202 2869 419 2909 hibernave
456 2868 641 2920 fecerint,
679 2881 807 2907 unum
843 2868 1066 2919 reperimus
1101 2880 1252 2906 annum
1292 2867 1364 2916 743
1405 2864 1553 2903 etenim
1593 2863 1687 2902 anni
1729 2866 1780 2902 75

204 2930 246 2968 et
272 2931 326 2968 76
354 2929 561 2968 autumnis
587 2929 775 2968 Metellus
802 2928 843 2966 in
870 2927 1003 2967 Gallia
1028 2928 1198 2966 hiemem
1226 2925 1348 2978 degit,
1373 2937 1444 2975 per
1469 2937 1620 2963 annum
1645 2926 1783 2962 autem
