1916 3178
878 145 1166 187 -46-

246 251 470 294 Varinium
507 247 648 305 gesta)
691 263 788 290 cum
825 249 1027 292 Sallustio
1065 250 1126 291 ita
1162 248 1359 291 convenit
1402 250 1450 289 ut
1493 248 1645 290 mutila
1685 247 1803 291 illius

247 322 376 364 verba
406 322 455 362 fr.
486 320 582 362 Vat.
615 319 691 361 col.
722 318 763 361 H
794 320 1023 362 secundum
1053 319 1307 362 Frontinum
1338 318 1507 361 restitui
1537 317 1713 374 possint.
1745 342 1800 349 —-

247 391 326 447 17,
346 393 372 434 6
404 391 474 448 (de
501 389 691 446 Spartaci
716 391 869 434 bellico
895 389 1120 448 apparatu)
1147 390 1246 446 quia
1278 392 1320 431 et
1352 404 1447 431 cum
1472 388 1600 432 Floro
1631 392 1675 432 et
1705 403 1803 433 cum

249 461 346 504 Sall.
367 462 415 502 fr.
436 460 497 503 IV
519 463 540 503 1
565 464 607 502 et
627 463 654 504 2
674 462 883 518 congruit,
903 461 1208 504 Sallustianum
1228 464 1302 503 est.
1330 486 1384 490 —-
1410 459 1452 502 H
1470 461 1510 516 4,
1531 461 1554 503 7
1581 459 1804 503 victoriam

251 532 389 574 Crassi
422 531 475 573 ad
506 530 792 574 Camalatrum
830 531 880 574 de
913 531 1039 574 Casto
1071 531 1343 586 Gannicoque
1380 533 1639 586 reportatam
1673 531 1802 588 longe

249 602 373 643 aliter
410 605 576 644 enarrat
613 605 740 658 atque
777 603 889 644 Plut.
918 604 989 658 113
1031 617 1212 657 namque
1256 602 1368 657 apud
1403 601 1682 645 Plutarchum
1716 601 1804 646 Sal-

247 673 509 728 lustiumque
547 673 760 729 cohortes,
797 688 903 729 quae
942 673 987 715 in
1023 673 1213 715 hostium
1249 676 1371 730 terga
1401 673 1634 716 mittuntur
1667 672 1802 729 prius·

249 758 376 798 quam
416 743 593 799 aggredi
632 746 824 799 possent,
865 743 1054 785 detectae
1094 745 1193 785 sunt
1233 757 1281 785 ac
1321 743 1483 785 deletae
1521 746 1680 800 essent,
1721 743 1806 786 nisi

251 814 425 856 Crassus
451 814 536 856 illis
562 815 844 870 subvenisset3
871 814 982 870 apud
1007 814 1261 856 Frontinum
1285 829 1384 856 vero
1411 815 1607 858 cohortes
1631 814 1791 858 circum

250 885 402 927 missae
435 885 659 943 commisso
691 885 776 926 iam
806 885 968 940 proelio
1007 885 1052 926 in
1082 885 1272 927 hostium
1308 888 1430 942 terga
1467 885 1673 928 invadunt
1701 899 1806 942 pug-

248 971 431 1011 namque
452 956 693 998 decernunt.
732 955 869 1006 Quare
887 970 974 998 non
993 955 1155 1011 dubito,
1174 955 1278 1010 quin
1298 971 1319 997 6
1338 956 1459 998 Livio
1478 956 1560 999 hoc
1579 955 1807 1012 sumpserit

249 1027 491 1087 Frontinus.
524 1052 579 1056 —
611 1026 658 1068 II
689 1027 734 1082 5,
766 1028 829 1069 34
866 1026 937 1084 (de
969 1027 1115 1068 eadem
1147 1026 1285 1068 Crassi
1318 1042 1413 1068 cum
1445 1026 1571 1069 Casto
1602 1026 1807 1070 Gannico-

251 1112 332 1152 que
363 1095 527 1153 pugna)
559 1112 583 1138 a
609 1112 685 1139 suo
717 1097 851 1152 ipsius
878 1097 1070 1152 exemplo
1101 1096 1142 1139 H
1160 1099 1200 1153 4,
1222 1099 1244 1140 7
1277 1098 1551 1140 vehementer
1580 1097 1809 1155 discrepat3

250 1183 433 1223 namque
464 1168 546 1209 hoc
577 1168 630 1209 ad
663 1167 924 1210 Cantennam
956 1171 1146 1210 montem
1178 1183 1271 1209 eam
1307 1169 1463 1210 factam
1494 1183 1604 1226 esse,
1641 1168 1716 1211 illo
1754 1167 1808 1211 ad

251 1238 538 1280 Camalatrum
570 1238 716 1294 tradit,
757 1243 975 1294 praeterea
1011 1238 1056 1280 in
1092 1241 1184 1280 tota
1222 1253 1391 1295 pugnae
1433 1238 1716 1294 descriptione
1752 1253 1807 1282 ne

250 1310 475 1351 minimum
501 1309 671 1364 quidem
697 1310 831 1366 affert,
862 1309 976 1365 quod
1003 1309 1177 1351 alterius
1204 1309 1386 1364 exempli
1410 1309 1644 1352 narrationi
1669 1309 1807 1352 simile

251 1384 326 1423 est.
393 1380 598 1422 Attamen
647 1380 823 1422 eandem
870 1395 1059 1436 pugnam
1109 1380 1265 1422 dictam
1309 1395 1399 1422 esse
1443 1381 1565 1423 docet
1605 1395 1808 1436 numerus

250 1451 439 1493 hostium
470 1466 699 1493 caesorum.
761 1451 841 1501 Qui
873 1466 969 1493 cum
993 1451 1114 1493 Livio
1127 1449 1160 1507 ¹)
1190 1451 1362 1493 laudato
1393 1451 1439 1493 in
1469 1452 1553 1493 fine
1578 1451 1808 1508 adseratur,

249 1523 457 1578 reliquam
497 1522 548 1563 de
588 1537 733 1578 pugna
768 1522 1055 1564 narrationem
1091 1521 1311 1564 Livianam
1354 1537 1445 1564 esse
1487 1537 1626 1578 neque
1665 1521 1807 1565 minus

251 1591 595 1649 Sallustianam&
638 1593 895 1649 negaverim,
936 1608 1032 1634 cum
1074 1593 1198 1648 plane
1242 1593 1468 1638 abhorreat
1511 1608 1536 1634 a
1565 1593 1807 1636 Plutarcho.

250 1664 319 1706 Ad
349 1664 524 1706 tertium
556 1663 690 1720 igitur
720 1665 883 1705 fontem
913 1664 1038 1705 nobis
1068 1664 1257 1705 nondum
1287 1667 1439 1706 notum
1464 1663 1696 1706 Frontinus
1726 1664 1808 1706 hoc

251 1736 345 1777 loco
377 1735 513 1777 redire
544 1735 758 1790 putandus
790 1737 864 1776 est.
1171 1739 1177 1745 “

369 1806 580 1848 Diodori
637 1806 925 1862 fragmentum
972 1805 1177 1847 XXXIX
1214 1807 1294 1862 21,
1349 1806 1461 1861 quod
1516 1806 1567 1848 de
1614 1805 1806 1861 Spartaci

251 1877 442 1919 moribus
474 1877 581 1933 agit,
613 1892 719 1931 quos
750 1877 905 1918 habeat
931 1879 1123 1918 auctores
1149 1876 1357 1918 incertum
1389 1879 1463 1918 est.
1497 1902 1551 1907 —
1583 1876 1808 1918 Praeterea

251 1948 353 1990 belli
379 1947 622 2004 gladiatorii
650 1947 835 1989 breviter
859 1947 1119 1993 mentionem
1144 1948 1306 1989 faciunt
1333 1947 1462 1989 etiam
1486 1947 1807 2004 Augustinus

252 2019 302 2059 de
342 2018 417 2060 civ.
450 2018 529 2059 Dei
561 2017 622 2059 III
653 2019 728 2074 26,
759 2017 1020 2073 Ampelius
1051 2018 1123 2060 lib.
1156 2033 1278 2060 mem.
1318 2034 1351 2060 6.
1377 2020 1436 2061 40
1473 2021 1515 2059 et
1545 2019 1615 2074 45,
1653 2018 1806 2060 schol.

253 2089 312 2130 ad
341 2089 451 2131 Luc.
484 2088 531 2130 II
562 2090 661 2131 554
698 2087 887 2146 (Usen.),
929 2088 1141 2131 Caecilii
1180 2090 1467 2146 fragmentum
1503 2089 1615 2144 apud
1650 2088 1806 2131 Athen.

250 2159 311 2202 VI
340 2175 379 2215 p.
407 2161 492 2202 272
525 2162 747 2202 servatum.

373 2313 407 2355 1)
434 2310 488 2347 Cf.
513 2322 588 2356 per.
617 2315 659 2347 97
687 2312 726 2346 et
751 2311 854 2359 Oros.
876 2311 909 2346 V
935 2315 991 2357 24,
1019 2317 1050 2348 6.

373 2371 409 2414 2)
434 2369 516 2404 Duo
536 2369 629 2404 haec
648 2369 792 2415 proelia
812 2370 919 2415 quasi
939 2371 1034 2405 duae
1056 2370 1221 2406 eiusdem
1240 2373 1367 2416 partes
1387 2371 1557 2416 fuissent,
1583 2371 1806 2418 coniungere

254 2428 400 2465 studuit
425 2429 616 2463 Drumann
641 2429 691 2464 IV
717 2434 774 2474 80,
807 2429 980 2465 similiter
1005 2431 1201 2465 Neumann
1225 2431 1259 2465 ΙΙ
1289 2443 1325 2476 p.
1347 2435 1390 2467 67
1407 2431 1491 2466 adn.
1524 2432 1562 2465 et
1588 2430 1808 2466 Schlimmer

253 2487 277 2524 1.
303 2487 328 2524 1.
361 2500 396 2533 p.
423 2491 478 2522 59.
536 2486 622 2521 Pari
653 2487 887 2533 negligentia
918 2488 1065 2523 Bludau
1095 2490 1291 2533 utramque
1322 2489 1545 2524 relationem
1576 2500 1596 2524 e
1628 2488 1806 2524 Sallustio

253 2547 428 2581 haustam
455 2557 535 2580 esse
569 2546 788 2592 fragmentis
821 2546 1045 2591 quibusdam
1076 2547 1171 2582 falso
1203 2547 1385 2583 adhibitis
1417 2547 1620 2583 contendit.
1670 2547 1808 2584 Contra

255 2607 353 2640 recte
374 2605 580 2640 Mommsen
600 2604 777 2651 coniungi
795 2616 857 2640 eas
883 2617 957 2640 non
975 2617 1085 2651 posse
1109 2606 1308 2651 intellexit,
1335 2606 1401 2642 sed
1419 2617 1508 2641 num
1527 2605 1607 2642 iure
1625 2605 1806 2652 posterio-

255 2676 332 2699 rem
357 2663 528 2699 Frontini
551 2664 806 2700 narrationem
832 2664 1020 2710 acceperit
1046 2665 1189 2701 dubito.
