2034 3184
363 171 449 213 240

406 275 669 311 Ariobarzanis
703 275 804 310 bello
835 275 1022 311 intactum
1052 277 1103 312 IV

410 329 465 367 69,
487 327 547 367 15;
572 334 638 368 per
662 334 818 368 regnum
839 322 1102 358 Ariobarzanis

406 370 600 405 contendit
625 371 674 405 ad
698 370 916 415 Euphraten
940 370 991 406 IV
1011 375 1065 406 59.

360 419 588 464 Aristaeus,
626 416 838 463 Appollinis
874 419 912 452 et
944 417 1102 462 Cyrenes

406 465 515 510 filius,
535 477 615 500 cum
634 465 803 500 Daedalo
821 465 871 500 ad
890 465 1104 501 Sardiniam

404 512 606 547 transitum
630 511 721 547 fecit
745 512 789 556 II,
810 515 842 547 6.

358 560 610 595 Aristonicus
635 560 748 603 (filius
772 559 949 595 Eumenis
969 559 1102 605 Pcrya-

404 608 524 652 meni).
562 606 816 642 Aristonicum
843 636 850 642 .
867 637 873 642 .
889 635 896 642 .
923 606 1013 650 quia
1037 618 1102 652 pa-

404 654 519 688 trium
529 665 686 699 regnum
692 653 889 699 petiverat,
900 665 966 699 per
973 653 1102 688 trium-

405 701 522 746 phum
547 702 684 736 duxere
711 701 760 736 IV
780 705 837 746 69,
857 704 889 737 8.

358 749 561 787 Armenia.
621 748 702 791 Qua
737 748 778 783 in
813 749 921 794 parte
960 747 1103 793 Cappa-

405 796 514 831 docia
563 796 611 831 ab
654 795 831 831 Armenia
877 795 1105 840 disiungitur

403 843 454 878 IV
480 847 542 887 593
578 844 712 879 ibidem
747 844 864 888 fontes
898 843 1103 888 Euphratis

404 895 510 936 atque
541 891 660 937 Tiqris
683 890 735 925 IV
762 893 822 934 773
861 891 1005 936 [bellum
1030 890 1101 925 Ar-

402 939 604 974 meniacum
623 950 662 983 p.
684 939 872 981 177—79,
901 938 1102 983 190—91];

402 985 441 1019 in
458 985 673 1020 Armeniam
693 984 859 1019 concessi
877 986 936 1030 (sc.
952 985 1102 1020 Mithri-

403 1034 516 1077 dates)
543 1032 592 1067 lV
613 1036 668 1077 69,
690 1035 751 1076 153
777 1031 809 1066 si
833 1043 901 1066 nos
926 1031 1103 1066 Armenia

403 1079 733 1125 circumgredimur
794 1078 999 1114 exercitum
1051 1079 1103 1114 IV

403 1131 458 1171 69,
480 1130 535 1162 21.

355 1175 539 1221 Arsaces,
566 1174 787 1210 Parthorwm
807 1185 892 1218 ’νεοίη
917 1174 1005 1220 [eyit
1023 1185 1103 1208 cum

403 1222 560 1256 Lucullo
599 1233 636 1266 p.
671 1222 771 1268 178}
832 1221 912 1256 Rex
954 1220 1101 1255 Mithri—

403 1269 510 1303 dates
523 1269 604 1313 regi
617 1268 748 1303 Arsaci
763 1268 923 1303 salutem
935 1267 987 1303 IV
1001 1271 1056 1312 69,
1070 1272 1100 1303 1.

354 1315 651 1361 Propinquantes
688 1315 765 1350 iam
802 1327 949 1350 amnem
984 1316 1102 1351 Arsa-

402 1364 510 1399 niam
530 1363 581 1399 lV
600 1367 653 1399 74.
687 1363 838 1410 [Puqna
855 1364 987 1399 ibidem
1001 1364 1103 1406 facta

355 1458 594 1505 Artabazes,
630 1459 794 1494 eonditor
823 1459 928 1504 regni
956 1458 1103 1493 Pontici

353 1553 575 1588 *Artaxata
603 1553 730 1599 [caput
748 1552 955 1596 Armeniae,
981 1565 1004 1588 a
1024 1552 1099 1587 Lu-

399 1601 495 1635 cullo
515 1601 670 1645 petitum
690 1612 728 1645 p.
750 1601 851 1647 178}

353 1647 532 1684 *Ascalis
566 1648 645 1694 [rex
677 1647 938 1683 Mauretaniae
963 1659 1001 1692 p.
1024 1648 1098 1693 39].

354 1695 461 1731 Asia.
516 1695 641 1729 Prima
678 1694 790 1730 Asiae
827 1694 1006 1740 Bithynia
1044 1696 1102 1729 est

399 1742 450 1776 ΙΙΙ
480 1746 544 1785 70;
591 1742 819 1777 Antiochum
861 1741 1098 1777 concessione

398 1789 511 1824 Asiae
541 1791 708 1824 avertere
733 1789 784 1824 IV
804 1793 860 1834 69,
882 1794 921 1833 6;
953 1789 1098 1823 Asiam-

399 1848 471 1880 que
509 1837 670 1881 spolium
701 1836 801 1881 regis
834 1836 1012 1871 Antiochi
1043 1847 1098 1871 re-

398 1883 481 1928 cepi
512 1884 563 1919 IV
589 1888 652 1929 69,
680 1888 740 1928 113
784 1883 876 1918 Asia
919 1884 967 1918 ab
1007 1883 1099 1928 ipsis

399 1931 551 1966 obsessa
589 1933 647 1966 est
677 1931 728 1966 IV
754 1935 810 1976 69,
837 1935 876 1975 93
915 1931 1098 1966 exercitus

397 1978 437 2012 in
457 1978 549 2013 Asia
563 1978 769 2023 Ciliciaque
789 1978 941 2014 aluntur
953 1978 1050 2023 1147,
1062 1982 1098 2022 73

397 2037 443 2060 ne
479 2026 514 2060 ei
544 2026 699 2071 perinde
731 2025 843 2061 Asiae
877 2056 883 2061 .
911 2055 917 2061 .
947 2056 953 2062 .
986 2025 1098 2060 vade-

398 2075 481 2108 rent
505 2085 525 2108 e
551 2073 733 2108 facultate
758 2073 792 2107 ΙΙ
818 2077 873 2109 93.

351 2119 417 2156 *0,
441 2121 628 2157 Aurelius
660 2121 887 2167 [Pompeium
914 2120 1097 2156 Grasswm-

397 2179 464 2212 que
471 2170 636 2212 placavit
645 2180 683 2213 p.
696 2168 782 2214 173]
793 2184 800 2212 3
817 2173 1007 2213 praeterea
1018 2169 1098 2203 vide

400 2215 542 2250 Cotta.

350 2262 553 2298 *Auxume
579 2263 619 2308 [a
638 2262 808 2308 Pompeio
826 2267 935 2308 capta
950 2274 987 2307 p.
999 2263 1096 2309 143}

349 2309 482 2344 Plebes
518 2311 684 2345 montem
721 2321 866 2344 sacrum
901 2311 939 2345 et
970 2311 1094 2346 Aven-

394 2357 526 2392 tilmm
553 2356 694 2392 insedit
717 2357 735 2391 Ι
756 2361 808 2393 11,

350 2451 468 2487 Sonus
494 2452 856 2488 Bacchanaliorum
881 2452 933 2486 HI
952 2455 1006 2487 31.

348 2499 513 2536 *Baetis
539 2501 604 2546 [ad
627 2501 722 2535 ostia
746 2500 824 2534 eius
849 2498 1029 2535 Sertorius
1053 2499 1094 2533 in

396 2548 577 2583 erroribus
588 2548 753 2592 pervenit
767 2558 805 2592 p.
820 2549 888 2589 39;
903 2558 1032 2592 puqna
1045 2547 1094 2581 ad

395 2595 543 2630 Baetim
566 2596 668 2638 facta
687 2606 726 2640 p.
743 2594 806 2640 44]
831 2593 954 2628 *altas
979 2593 1093 2638 ripas,

394 2641 497 2676 haud
521 2641 673 2677 facilem
695 2641 835 2677 vadum
858 2640 876 2674 Ι
896 2643 974 2676 108.

347 2690 364 2707 *
372 2689 405 2725 V
413 2700 434 2724 o
442 2700 462 2724 e
470 2700 491 2723 0
499 2688 577 2723 niu
585 2701 601 2724 s
644 2689 780 2725 Barba
821 2687 1094 2734 [Mithridatem

390 2737 620 2782 persequitur
639 2748 678 2781 p.
699 2736 796 2783 131].

347 2783 526 2828 Bithynia
538 2783 641 2828 prius
652 2783 851 2828 Bebrycia
865 2782 967 2817 dicta
978 2782 1029 2816 III
1038 2785 1091 2817 70.

348 2831 505 2866 Belleia
519 2833 562 2876 (5³)
586 2842 715 2866 nomen
733 2831 865 2866 montis
883 2830 1093 2875 Hispaniae

394 2878 410 2911 Ι
432 2882 508 2913 105.

347 2925 458 2971 Apud
483 2925 614 2960 aedem
639 2925 832 2961 Bellonae
857 2924 891 2960 V
911 2928 965 2959 26.

1048 170 1162 206 Index
1187 171 1231 206 Π.

1174 277 1299 312 Prima
1332 277 1445 312 Asiae
1476 277 1669 323 Bithynia
1705 279 1764 314 est
1793 307 1802 315 .
1823 307 1860 315 ..
1893 289 1916 315 a

1222 325 1396 372 Bithyno
1411 335 1497 369 rege
1508 323 1688 370 Bithynia
1699 336 1823 361 nuncu
1850 327 1916 362 ata

1222 372 1271 406 111
1294 375 1354 415 703
1380 372 1542 407 Romani
1565 371 1783 417 Bithyniam
1842 371 1918 409 ico-

1221 419 1328 453 mede
1360 420 1505 453 mortuo
1538 418 1724 464 diripuere
1749 419 1811 464 IV,
1832 423 1878 456 69
1897 423 1919 456 9

1221 471 1253 501 et
1279 478 1317 511 p.
1342 469 1412 510 89,·
1448 466 1679 512 [Mithridati
1707 479 1732 503 a
1763 466 1920 504 Sertorio

1221 514 1428 549 conceditwr
1469 525 1508 558 p.
1541 516 1590 549 90
1621 529 1630 558 ς
1678 513 1919 550 Nicomedem

1222 559 1401 604 Bithynia
1427 559 1552 605 expuli
1646 564 1702 606 69,
1723 565 1784 606 113
1809 561 1919 597 multi

1222 618 1267 642 ex
1303 607 1483 652 Bithynia
1522 607 1690 643 volentes
1728 619 1919 644 accurrere

1221 655 1255 688 II
1274 658 1335 698 713
1361 654 1579 699 Bithyniam
1598 656 1637 690 et
1653 655 1815 693 Pontum
1832 666 1919 692 con-

1223 701 1295 735 suli
1334 702 1462 736 datam
1492 702 1526 737 V
1553 706 1606 737 13.
1634 723 1678 728 —
1709 702 1919 748 Bithynii

1221 748 1515 794 propinquantes
1546 760 1693 785 amnem
1722 749 1920 787 Arsaniam

1175 843 1344 890 Bizone,
1383 844 1545 879 Moesiae
1581 845 1668 880 urbs
1703 856 1728 880 a
1763 844 1920 882 Lucullo

1222 895 1331 935 capta
1355 890 1406 925 IV
1426 895 1480 926 19.

1175 937 1373 972 Praeclara
1392 938 1613 974 Brutorum
1637 937 1766 984 proles.
1785 939 1803 974 Ι
1821 942 1877 985 55,
1898 943 1919 974 3

1222 986 1353 1029 (dictus
1389 989 1440 1021 est
1476 986 1527 1020 D.
1559 986 1645 1021 Iwn.
1676 986 1843 1034 Brutus).
1873 1008 1921 1013 —-

1222 1031 1295 1068 *M.
1324 1031 1480 1067 Iunius
1516 1032 1681 1068 Brutus
1726 1034 1922 1080 [Mutinae

1222 1092 1246 1114 a
1271 1080 1441 1125 Pompeio
1465 1081 1640 1124 obsessus,
1668 1081 1754 1116 dein
1778 1081 1921 1118 deditus

1222 1128 1424 1172 occisusque
1456 1139 1495 1172 p.
1521 1128 1597 1174 22].
1622 1147 1671 1153 -
1693 1127 1736 1164 D.
1763 1128 1920 1164 Iunius

1222 1174 1389 1208 Brutus
1422 1175 1562 1221 [consul
1591 1186 1690 1210 anno
1717 1177 1767 1210 77
1784 1187 1823 1220 p.
1843 1176 1920 1223 37].

1221 1221 1418 1256 Tumultus
1467 1221 1680 1256 intercessit
1721 1222 1838 1258 Bruto
1881 1225 1920 1258 et

1221 1268 1408 1303 Mamerco
1434 1268 1648 1304 consulibus
1673 1269 1726 1303 ΠΙ
1743 1272 1801 1315 48,
1822 1273 1876 1306 10.

1174 1315 1286 1350 Italia
1315 1315 1470 1350 finditur
1499 1315 1539 1350 in
1565 1315 1637 1351 duo
1661 1317 1921 1361 promunturia

1221 1363 1428 1399 Bruttium
1454 1364 1491 1398 et
1514 1362 1762 1399 Sallentinum
1786 1364 1838 1400 IV
1856 1368 1919 1409 23;

1221 1411 1238 1429 ’¹‘
1258 1411 1326 1446 Br.
1352 1411 1567 1447 describitwr
1590 1410 1642 1446 IV
1661 1414 1716 1447 25.

1174 1504 1333 1541 Cabiro..
1375 1505 1464 1551 [Res
1488 1506 1599 1540 annis
1619 1507 1762 1541 72—71
1787 1506 1919 1542 ibidem

1219 1557 1337 1599 qestae
1350 1564 1388 1598 p.
1403 1555 1476 1587 158
1489 1552 1567 1599 sq.].
1605 1552 1795 1589 Restituto
1817 1553 1919 1599 apud

1221 1599 1395 1635 Cabiram
1420 1599 1585 1634 exercitu
1610 1599 1662 1636 IV
1681 1603 1737 1646 69,
1758 1604 1813 1636 15.

1175 1645 1342 1683 Caecilii
1365 1648 1446 1682 vide
1470 1646 1699 1683 Metellus.

1174 1694 1214 1737 Q.
1239 1694 1463 1729 Servilius
1484 1693 1645 1739 Caepio.
1683 1694 1861 1731 Octavius
1880 1697 1918 1731 et

1221 1742 1261 1784 Q.
1289 1741 1426 1786 Caepio
1469 1746 1596 1777 contra
1633 1743 1722 1788 loyes
1756 1743 1916 1787 frumen-

1219 1790 1336 1824 tarias
1360 1790 1556 1824 extitemmt
1580 1789 1597 1823 I
1616 1792 1671 1824 62.

1172 1836 1234 1871 *0.
1254 1836 1399 1870 Iulius
1426 1835 1585 1872 Caesar.
1635 1836 1787 1873 *Sullae
1803 1837 1917 1874 domi-

1218 1884 1365 1919 natione
1395 1884 1552 1927 offensus
1582 1883 1599 1917 I
1625 1887 1687 1928 573
1731 1885 1790 1931 [in
1828 1884 1917 1920 C‘ili—

1218 1932 1313 1966 ciam
1357 1942 1438 1966 cum
1481 1930 1631 1966 Servilio
1669 1932 1916 1976 proficiscitur)¹
1936 1935 1937 1938 ’

1214 1991 1252 2023 p.
1261 1981 1311 2013 20
1317 1992 1330 2022 ;
1345 1989 1416 2023 pro
1435 1979 1506 2024 leqe
1520 1978 1675 2013 Plautia
1686 1979 1913 2026 statp.124].

1172 2025 1430 2069 *Calagurris
1468 2026 1613 2071 [puyna
1646 2026 1778 2061 ibidem
1813 2027 1916 2070 facta

1214 2085 1252 2118 p.
1273 2075 1364 2116 124,·
1389 2074 1527 2108 obsessa
1543 2084 1582 2117 p.
1604 2073 1700 2119 143}
1719 2093 1764 2099 —-
1783 2072 1915 2108 Cala-

1216 2119 1447 2165 gurritani
1473 2119 1617 2154 *multa
1641 2119 1805 2155 nefanda
1830 2121 1913 2156 ausi

1171 2166 1747 2261 0333‘202233233132223322222
1776 2227 1801 2251 a
1828 2215 1914 2252 Ρ..-

1171 2261 1712 2354 cfissttssnfiassffiffiffius
1731 2311 1778 2344 a
1795 2309 1910 2346 Piso.

1167 2357 1184 2375 ’¹‘
1193 2356 1433 2402 Capitolium
1446 2356 1622 2402 [pecunia
1631 2357 1681 2392 ad
1689 2357 1914 2400 refectionem

1213 2416 1237 2439 a
1281 2405 1534 2439 decurionibus
1565 2405 1746 2449 promissa
1777 2415 1816 2449 p.
1843 2407 1915 2448 20,-

1187 2457 1199 2466 f
1212 2452 1382 2495 refectum
1414 2462 1457 2486 ac
1493 2451 1698 2487 dedicatum
1733 2462 1832 2487 anno
1863 2455 1912 2486 69

1167 2545 1248 2588 Qua
1278 2498 1455 2591 111⁷]parte
1489 2544 1739 2590 Cappadocia
1768 2545 1817 2580 ab
1843 2545 1913 2581 Ar-

1211 2592 1337 2628 menia
1362 2591 1590 2638 disiungitur
1613 2592 1664 2628 IV
1682 2595 1739 2628 59.

1166 2640 1372 2676 Carambis
1410 2640 1709 2686 promumtwrimn
1750 2640 1910 2686 Paphla-

1211 2689 1340 2734 9oniae
1363 2687 1417 2722 m
1437 2690 1491 2723 77.

1166 2735 1235 2770 Cn.
1278 2733 1492 2780 Papirius
1536 2733 1665 2771 Carbo
1709 2735 1824 2781 [mmo
1859 2735 1911 2770 82

1212 2783 1336 2818 consul
1349 2793 1388 2827 p.
1403 2784 1448 2817 11
1467 2786 1501 2817 et
1515 2782 1592 2828 38].
1621 2781 1740 2817 Carbo
1758 2780 1910 2816 Italiam

1213 2831 1326 2874 atque
1364 2828 1567 2864 exercitum
1603 2827 1769 2864 deseruit
1803 2828 1821 2863 Ι
1845 2831 1908 2873 38;

1212 2878 1252 2922 [a
1280 2877 1451 2922 Pompeio
1482 2881 1611 2921 captas
1639 2880 1674 2911 et
1703 2876 1911 2920 interfectus

1207 2936 1245 2969 p.
1269 2924 1424 2970 11—12]
1449 2924 1614 2969 flebiliter
1632 2923 1758 2969 plorat
1780 2922 1798 2957 I
1817 2925 1872 2962 52.
