1916 3178
834 179 887 184 -.
952 153 978 193 9
1044 179 1095 184 .-

149 242 344 307 *mhun
381 264 466 318 est,
509 259 819 303 demonstravit
856 259 959 302 Otto
973 258 1024 317 ¹),
1068 263 1111 302 et
1148 263 1291 303 totum
1328 261 1380 303 de
1419 261 1545 303 bellis
1581 261 1748 303 Mithri-

18 316 23 370 «-
134 330 332 393 ’ῗῇὺῦίοἰε
373 332 534 376 librum
576 334 620 374 et
662 331 887 388 plerasque
931 331 1162 388 ἐμφυλίων
1212 335 1356 388 partes
1407 335 1606 388 excerpta
1658 347 1749 374 esse

178 418 207 453 ο
242 403 469 448 Strabonis
504 403 874 461 hypomnematis,
924 403 1053 446 simul
1095 404 1225 446 etiam
1262 405 1403 461 Vogel
1413 403 1448 462 2)
1492 404 1749 460 ubicumque

54 525 59 531 ,
174 476 329 520 eodem
353 479 528 520 auctore
553 475 714 520 Graeco
741 475 808 518 usi
834 478 978 518 essent
1003 474 1227 531 Appianus
1251 476 1606 532 Plutarchusque,
1638 477 1750 518 hunc

178 547 436 592 Strabonem
479 562 571 591 esse
613 547 789 589 viderat.
858 547 923 590 De
966 547 1106 603 primo
1152 546 1383 603 ἐμφυλίων
1425 548 1538 590 libro
1582 548 1751 590 dubitat

78 639 110 681 §¹
177 619 295 677 orto,
325 620 401 663 sed
425 621 540 662 recte
564 617 822 666 Arnoldium
853 633 902 661 ac
920 618 1154 675 Vogelium
1179 618 1373 661 docuisse
1405 619 1602 675 arbitror,
1634 619 1750 661 Posi-

178 691 296 736 donii
333 690 612 747 ‘aliorumque
663 690 921 746 scriptorum
970 690 1222 732 memoriam
1272 681 1409 746 usque
1457 691 1510 732 ad
1552 690 1572 733 I
1604 706 1636 733 c.
1667 692 1750 733 106

177 761 376 820 Appiano
411 777 490 819 per
520 761 777 806 Strabonem
813 762 1053 818 praebitam
1086 777 1195 817 esse3
1234 762 1500 817 splendidam
1532 765 1676 804 autem
1708 764 1752 804 et

176 834 366 892 amplam
395 833 540 878 Sullae
571 834 838 890 sepulturam
876 833 1147 890 splendidum
1178 833 1411 876 Posidonio
1450 833 1590 889 operis
1621 834 1751 875 finem

176 905 345 950 dedisse
380 920 470 950 non
507 908 574 949 est
610 921 686 949 cur
722 921 941 963 negemus.
1005 904 1087 948 Sed
1118 905 1244 961 plane
1280 905 1495 947 diversum
1533 907 1598 947 est
1636 920 1751 947 enar-

177 977 360 1021 rat-ionis
398 976 646 1034 Appianeae
694 992 832 1035 genus
883 977 980 1020 inde
1026 992 1052 1018 a
1097 977 1236 1034 capite
1271 978 1352 1020 107
1401 976 1447 1034 (i.
1480 992 1513 1019 e.
1561 976 1658 1018 inde
1699 977 1753 1017 ab

173 1060 290 1094 anno
317 1047 412 1107 78),
442 1063 468 1092 a
493 1064 578 1106 quo
610 1064 745 1105 usque
778 1049 831 1091 ad
861 1049 935 1091 lib.
955 1047 997 1091 Π
1023 1064 1055 1091 c.
1079 1051 1102 1092 7
1135 1048 1340 1092 Sallustio
1373 1063 1471 1091 eum
1503 1063 1628 1090 usum
1660 1063 1751 1090 esse

177 1121 299 1165 fonte
337 1121 561 1164 contendo.
623 1121 798 1164 Etenim
839 1121 884 1164 in
926 1121 1099 1163 secundi
1140 1120 1241 1163 libri
1280 1121 1331 1163 de
1370 1119 1619 1163 Catilinaria
1657 1135 1751 1162 con-

177 1192 392 1236 iuratione
421 1195 544 1249 parte
570 1192 763 1236 Sallustii
795 1193 1086 1236 narrationem
1112 1208 1209 1235 cum
1236 1193 1413 1235 alterius
1438 1192 1625 1235 auctoris
1657 1207 1751 1234 con-

178 1262 439 1322 glutinatam
465 1279 556 1308 esse
582 1263 812 1322 constat3);
844 1265 889 1307 in
914 1265 1042 1321 primi
1069 1279 1238 1320 quoque
1264 1264 1364 1306 libri
1390 1265 1474 1306 fine
1501 1263 1751 1306 Sallustium

179 1350 348 1393 semper
389 1336 479 1379 fere
523 1339 772 1392 excerptum
816 1351 908 1379 esse
947 1335 1143 1392 quamvis
1185 1335 1446 1392 negantibus
1477 1335 1671 1391 Wijnnio
1710 1338 1753 1377 et

178 1406 388 1451 Arnoldio
407 1407 522 1451 infra
540 1408 832 1451 demonstrare
853 1408 1045 1450 studebo.
1086 1433 1140 1438 —-
1173 1406 1314 1463 Ipsius
1339 1406 1612 1450 Strabonis
1638 1422 1752 1463 mag-

178 1479 411 1523 num·illud
429 1479 687 1536 doctumque
714 1495 822 1536 opus
849 1479 1048 1540 ἱστορικὰ
1066 1480 1359 1535 ὑπομνήματα
1384 1479 1629 1534 nuperrime
1650 1478 1753 1520 Otto

180 1566 237 1595 ex
264 1550 495 1595 oblivionis
525 1552 716 1595 tenebris
747 1554 942 1608 ereptum
973 1551 1182 1607 restituit3
1214 1551 1288 1593 sed
1314 1566 1522 1607 quosnam
1553 1549 1753 1592 habuerit

180 1625 378 1667 auctores
407 1622 576 1681 Strabo,
608 1623 911 1667 difficillimum
943 1623 1178 1666 diiudicatu
1210 1626 1287 1679 est,
1319 1623 1521 1679 quoniam
1554 1622 1638 1678 ille,
1669 1637 1753 1677 qua

145 1751 147 1753 ι
181 1696 273 1738 erat
309 1694 504 1738 doctrina
540 1710 590 1739 ae
627 1695 853 1753 diligentia
889 1695 1126 1751 permultos
1166 1694 1564 1750 diversissimosque
1608 1709 1751 1736 rerum

180 1765 412 1824 scriptores
460 1767 604 1825 legere
660 1770 704 1811 et
758 1767 804 1810 in
853 1774 979 1810 usum
1029 1782 1155 1810 suum
1205 1781 1430 1823 excerpere
1474 1766 1650 1811 solebat.
1698 1791 1749 1795 —

179 1837 493 1882 Plutarchus
523 1839 635 1883 hanc
665 1842 851 1882 aetatem
882 1839 927 1881 in
953 1838 1116 1895 Sullae,
1147 1838 1360 1895 Pompeii,
1393 1838 1573 1894 Sertori,
1601 1837 1753 1893 Crassi,

180 1909 350 1954 Luculli
374 1909 478 1953 vitis
501 1911 728 1967 enarravit,
760 1925 941 1967 quarum
966 1910 1153 1952 maxima
1182 1926 1282 1966 pars
1314 1925 1337 1952 e
1363 1909 1567 1952 Sallustio
1598 1909 1753 1951 hausta

181 1996 275 2027 esse
304 1981 506 2041 Petero⁴)
534 1982 628 2026 visa
659 1985 735 2026 est.
798 1982 935 2034 Quam
973 1982 1230 2025 sententiam
1268 1982 1349 2025 etsi
1381 1981 1556 2025 minime
1588 1981 1753 2037 falsam,

182 2087 365 2127 tuendum
389 2099 472 2125 esse
496 2088 670 2135 Appiano
694 2089 973 2135 Plutarchoque
1000 2099 1235 2125 communem
1260 2088 1425 2124 Thouret
1449 2087 1490 2124 in
1510 2086 1607 2123 stud.
1622 2086 1752 2132 Lips.I

180 2160 218 2195 p.
237 2151 309 2186 8³8
321 2159 376 2194 sq.
395 2147 647 2194 intellexerat,
673 2149 773 2184 hunc
798 2150 926 2184 autem
947 2148 1170 2185 Strabonem
1190 2159 1271 2184 esse
1293 2147 1369 2184 iam
1387 2147 1559 2192 Judeich,
1585 2146 1753 2192 „Caesar

182 2207 236 2244 im
259 2206 420 2244 Orient“
447 2209 574 2255 (1885)
596 2220 633 2254 p.
653 2211 700 2244 46
726 2207 950 2245 coniecerat.

303 2268 340 2315 1)
363 2266 468 2304 Stud.
487 2266 588 2314 Lips.
607 2267 661 2303 XI
685 2267 808 2315 suppl.
835 2269 971 2314 (1889).
1017 2267 1191 2303 Ceterum
1223 2267 1316 2302 data
1341 2267 1539 2303 occasione
1564 2278 1640 2302 non
1666 2277 1749 2311 pos*-

183 2339 284 2374 sum,
315 2325 408 2373 quin
432 2325 582 2373 ottoni,
613 2326 694 2364 viro
725 2326 986 2364 illustrissimo
1017 2327 1200 2362 maximas
1232 2338 1344 2372 agam
1374 2326 1530 2372 gratias.
1581 2325 1652 2369 Qui
1677 2337 1752 2360 non

185 2387 307 2424 solum
330 2385 428 2423 libro
453 2397 522 2423 suo
546 2386 849 2434 praeclarissimo
872 2388 912 2423 et
935 2398 995 2423 me
1022 2387 1061 2423 et
1092 2398 1220 2423 omnes
1246 2388 1397 2422 nostrae
1423 2385 1644 2431 disciplinae
1677 2386 1751 2420 stu-

182 2447 308 2484 diosus
327 2446 544 2492 amicosque
561 2458 700 2493 magno
726 2446 854 2483 affecit
871 2446 1065 2492 beneficio,
1091 2446 1158 2482 sed
1183 2458 1259 2491 qua
1283 2447 1342 2481 est
1365 2445 1547 2489 doctrina,
1573 2443 1751 2480 comitate

181 2505 505 2552 humanamque,
530 2516 592 2542 me
610 2517 758 2552 quoque
779 2506 929 2552 saepius
955 2517 975 2542 e
993 2506 1182 2552 profunda
1201 2505 1443 2541 scientiarum
1463 2503 1574 2549 copia
1596 2503 1752 2539 donavit

183 2567 224 2603 et
245 2566 319 2603 hac
341 2565 383 2602 in
407 2564 743 2602 dissertatiuncula
767 2565 923 2603 adiuvit.

301 2628 372 2672 2),
377 2625 643 2672 ‚Quaestiones
666 2625 1293 2673 Plutarcho-affl(diss.Ma1·burg.
1322 2627 1435 2670 1889).

301 2687 340 2733 3)
364 2684 519 2732 Wijnne
543 2685 569 2722 l.
595 2685 619 2722 l.
645 2697 681 2731 p
708 2690 772 2730 41·
797 2685 1047 2722 Wiedemann
1072 2685 1113 2720 in
1138 2685 1272 2721 Philol.
1300 2685 1385 2720 XXI
1410 2697 1446 2730 p.
1472 2687 1559 2728 4733
1586 2683 1687 2719 Dfibi
1711 2684 1751 2719 in

180 2757 269 2782 111111.
293 2743 387 2792 phil.
415 2748 506 2782 1876
531 2757 568 2792 p.
589 2748 674 2789 8663
710 2740 979 2792 Schliephake‚
1012 2744 1275 2791 „griechische
1301 2743 1458 2787 Quellen
1490 2755 1555 2779 zur
1579 2743 1750 2779 catilina-

181 2805 333 2842 duchon
355 2803 688 2850 Verschworung“
725 2806 863 2851 (progr.
900 2805 1044 2842 Goslar.
1073 2806 1197 2849 1877);
1243 2803 1408 2840 Buresch
1438 2803 1479 2838 ’111
1522 2832 1542 2849 ,‚
1551 2805 1749 2840 comment.

184 2863 395 2902 Ribbeck.“
420 2875 457 2910 p.
477 2868 558 2901 217.

302 2924 340 2972 4)
365 2923 551 2969 „Quenen
575 2923 772 2960 Plutarchs
796 2923 836 2959 in
861 2924 936 2960 den
959 2922 1236 2970 Biographieen
1262 2923 1329 2959 der
1353 2923 1518 2959 Roma-‘⁴
1546 2926 1648 2959 1865.
