1976 3190
794 154 1084 192 PRAEFATIO.
1620 157 1724 195 XVII

100 317 101 321 Ἰ
132 244 166 330 ’.ᾗ
187 255 201 271 ⁷
240 285 246 299 ι
284 291 289 303 »
320 286 371 303 1·-
420 279 471 308 ac
511 267 809 308 matronarum
850 263 1027 308 nomina
1067 265 1313 324 adscripsit,
1355 270 1406 311 ut
1448 283 1538 324 per
1581 283 1723 312 omne

269 353 282 374 ν
300 348 420 381 num
451 351 614 395 genus
645 338 867 380 cruentam
896 335 1032 394 gladii
1063 342 1277 382 exerceret
1309 342 1580 396 potestatem.
1634 355 1724 383 non

83 401 151 467 fgj
245 429 275 446 1-
307 408 488 452 modum
515 422 590 453 nec
619 411 789 452 omenta
819 409 1024 463 cupiditas
1053 407 1168 465 [nec]
1200 411 1371 466 infinita
1401 413 1553 455 civium
1588 415 1725 469 sbraye

54 472 339 548 ‘W
383 489 389 495 '
417 479 637 524 Romanus
689 479 761 523 ille
812 480 996 535 populus
1049 481 1228 524 subactis
1282 484 1470 526 omnibus
1518 485 1721 539 yentzhus,
1749 496 1794 528 50

73 545 414 613 mquam
438 549 665 608 peramato
689 552 783 596 orbe
805 555 927 607 atque
948 566 1136 607 possesso
1161 557 1386 597 extremum
1413 556 1538 598 etiam
1569 555 1722 599 Ocewm‘
1734 574 1789 600 m
1797 574 1858 602 Ba-
1844 582 1900 607 ..p
1907 578 1936 602 11

59 612 261 683 W
291 625 521 678 invenmm,
572 637 726 668 servvre
773 624 1006 679 compulsus
1054 628 1115 668 est
1159 626 1322 680 nefario
1372 625 1573 670 Sullanae
1613 632 1725 682 pote-

70 705 100 740 Ξ
117 686 267 746 ms
289 696 465 752 imperio
489 695 714 740 debilitatis
744 697 930 740 omnium
961 698 1118 739 animis
1141 701 1251 740 metu
1279 700 1322 740 et
1347 697 1533 741 miseriis
1558 699 1724 742 minore

52 785 121 820 s«
138 765 437 825 trepidatione
472 767 698 824 possessis.
764 767 880 810 inter
919 767 1037 826 leges
1073 767 1250 811 Porcias
1288 769 1490 827 legesque
1529 769 1725 826 Sempro-

0 854 1 861 *
27 830 30 834 ’
78 837 243 897 ffl'u‘s
273 853 372 883 cum
403 839 597 884 omnium
627 839 787 883 civium
823 839 989 898 gemitu
1021 840 1152 883 etiam
1189 841 1363 883 tertiam
1393 841 1724 898 proscriptionis
1750 854 1794 887 55

58 907 340 973 iflbnlnm
388 911 538 968 posuit
585 927 665 956 nec
714 912 798 955 hoc
841 914 1071 955 contentus
1118 913 1252 970 malo,
1300 927 1355 956 ne
1405 913 1521 969 quod
1570 913 1723 957 aetatis

43 973 347 1045 ³3³J'ifimpus
389 998 604 1028 vacuum
646 999 671 1027 a
715 984 1002 1035 sceleribus
1049 988 1304 1043 reservaret,
1347 985 1596 1028 Lucretium
1637 985 1724 1029 iam

83 1054 339 1116 fantus
379 1055 556 1114 occidit,
599 1059 642 1099 et
680 1055 876 1113 deposita
914 1056 1035 1115 regia
1070 1059 1287 1113 potestate
1326 1057 1459 1100 animi
1495 1060 1642 1101 tamen
1678 1057 1725 1101 in

34 1142 36 1144 ’
86 1119 221 1173 *mo
256 1126 496 1184 pernitiosa
534 1127 767 1172 crudelitas
803 1130 1061 1184 perseverat.
1123 1128 1245 1172 visne
1283 1129 1446 1185 aliquid
1480 1129 1582 1187 tibi,
1623 1130 1723 1185 quia

137 1195 190 1247 in
217 1198 410 1244 Sullanis
442 1199 715 1257 temporibus
751 1200 1051 1258 immoramur,
1088 1200 1139 1244 de
1177 1200 1269 1244 lacu
1302 1200 1477 1244 Servilio
1512 1202 1723 1257 referam?
1749 1215 1793 1247 eo

69 1296 100 1320 -,
138 1272 191 1316 6»
216 1284 298 1328 quo
326 1271 553 1317 ”maltorum
581 1276 819 1317 senatormn
850 1273 990 1328 conpita
1024 1272 1084 1315 ad
1116 1273 1523 1316 ostentationem
1552 1273 1724 1316 imma-

136 1339 346 1391 nissimi
381 1335 638 1388 facinoris
674 1346 793 1389 sectis
829 1345 1050 1389 cervwz‘bus
1078 1346 1371 1400 pependerunt.
1433 1346 1495 1388 rei
1525 1346 1723 1403 publicae

138 1415 318 1461 volnera
353 1415 469 1460 inter
497 1416 594 1474 i'psa
625 1416 803 1460 deorum
833 1415 1077 1473 pulvinaria
1115 1417 1397 1476 constitutus,
1434 1418 1549 1461 inter
1580 1433 1722 1461 sacras

140 1487 424 1532 caerimonias
453 1487 624 1546 positus
657 1502 825 1544 semper
856 1487 978 1531 Sulla
1010 1503 1186 1532 securus
1218 1504 1267 1532 ac
1299 1490 1511 1546 superbus
1543 1490 1721 1547 aspexit.

141 1559 249 1617 quid
284 1562 432 1617 potest
475 1559 690 1604 crudelius
728 1560 853 1603 fieri?
895 1560 1047 1603 liberis
1078 1563 1122 1603 et
1159 1561 1368 1604 uxoribus
1399 1562 1578 1605 miseras
1611 1563 1723 1606 orbi·
1748 1576 1791 1607 65

141 1632 257 1677 tates
280 1630 414 1676 fitulo
443 1630 692 1689 publicatae
723 1632 984 1675 calamitatis
1015 1632 1213 1691 ingessit.
1274 1632 1386 1676 nihil
1416 1634 1581 1692 pietati,
1611 1634 1723 1678 nihil

138 1700 254 1762 Εὼῒ,
281 1702 396 1747 nihil
425 1703 696 1762 fortitudini,
725 1704 840 1747 nihil
869 1704 1168 1760 providentiae
1198 1704 1323 1748 licuit
1362 1708 1513 1749 contra
1545 1705 1721 1750 Sullam.

136 1773 216 1819 ubi
249 1788 367 1820 nunc
400 1777 504 1819 sunt
535 1775 611 1832 qui
646 1778 822 1832 peccata
859 1778 1012 1819 nostra
1048 1775 1237 1819 humana
1274 1791 1324 1819 ac
1361 1777 1506 1821 divina
1544 1779 1721 1822 credunt

39 1860 47 1897 j
134 1859 266 1905 pom
294 1846 392 1906 lege
421 1846 599 1905 puniri?
635 1862 732 1891 ecce
764 1846 886 1891 Sulla
916 1848 1095 1891 nefariis
1136 1848 1338 1892 caedibus
1374 1845 1589 1908 pasditur,
1626 1866 1721 1894 ecce

50 1911 62 1975 '-
135 1911 365 1977 tyrannico
395 1922 622 1978 grassatur
657 1919 839 1976 imperio
871 1935 950 1963 nec
992 1920 1251 1977 cupiditates
1283 1921 1376 1964 eius
1412 1925 1608 1978 potestas
1647 1923 1723 1965 ali-
1748 1937 1791 1968 70

137 2005 224 2048 qua
248 1989 456 2036 divinitus
480 1991 720 2050 impugnat.
765 1992 870 2048 quid
895 1991 1059 2035 sentis?
1086 1992 1189 2048 quid
1213 1993 1406 2036 iudicas?
1438 1994 1580 2036 refuta
1600 1995 1715 2050 quod

55 2074 85 2118 3·
135 2061 337 2122 dicimuS,
379 2063 558 2107 ostende
599 2063 728 2107 nobis
768 2063 962 2107 ordinem
998 2079 1160 2107 rerum:
1205 2065 1283 2108 ubi
1320 2067 1422 2108 sunt
1458 2065 1595 2124 leges,
1638 2066 1714 2109 ubi

125 2130 326 2178 iudicia?
383 2134 576 2179 humano
623 2138 667 2179 et
710 2135 855 2179 divino
895 2151 1044 2179 sumus
1089 2126 1275 2193 semper‘
1301 2137 1499 2180 destituti
1540 2137 1713 2195 iudicio,

135 2205 238 2263 quia
275 2206 421 2250 omnia
455 2207 563 2251 haec
594 2222 703 2264 quae
741 2207 928 2252 diximus
960 2207 1082 2253 Sulla
1114 2209 1329 2252 commisit
1359 2209 1546 2266 impune.
1608 2225 1711 2269 ergo

132 2277 328 2323 facinora
358 2278 450 2323 eius
482 2267 580 2323 cum
609 2280 748 2324 tantis
780 2279 981 2324 caedibus
1010 2284 1307 2340 pascerentur,
1340 2282 1462 2324 nulla
1491 2282 1713 2324 ultricium
1739 2295 1782 2327 75

62 2392 66 2397 ,
134 2348 313 2395 deorum
342 2351 520 2410 flagella
550 2351 768 2410 castigant
798 2352 824 2380 ’¹‘
855 2352 880 2380 *
911 2352 936 2380 ’¹‘
967 2353 1166 2411 imperia,
1204 2369 1284 2396 nec
1316 2357 1382 2396 est
1414 2353 1488 2410 qui
1520 2354 1711 2396 dolorem

35 2425 55 2487 ‘³
134 2436 263 2467 suum
291 2422 438 2467 verbis
469 2439 519 2467 ac
548 2423 740 2467 lacrimis
770 2424 944 2483 prodat,
976 2425 1189 2468 defunctis
1220 2440 1298 2482 per
1326 2425 1452 2468 illum
1483 2426 1614 2468 etiam
1645 2440 1713 2468 su-

133 2509 309 2552 premus
338 2494 456 2555 ignis
489 2495 687 2552 eripitur.
749 2499 792 2539 et
822 2496 906 2540 11οο
935 2511 1026 2540 11011
1054 2497 1200 2554 potuit
1233 2497 1376 2540 videre
1407 2497 1603 2540 iustitia?
1653 2497 1713 2539 di-

133 2566 235 2611 citis
274 2570 452 2625 peccata
493 2567 720 2611 hominum
755 2583 833 2625 per
863 2569 955 2613 dies
990 2569 1186 2628 singulos
1219 2569 1302 2612 diis
1344 2569 1574 2612 ultricibus
1605 2584 1713 2611 nun-

56 2681 60 2686 .
133 2631 265 2683 tin‘ri‘?
301 2640 447 2684 omnia
476 2639 583 2684 haec
614 2640 728 2684 sicut
757 2640 876 2684 vides
906 2641 1082 2699 impune
1112 2645 1236 2700 gesta
1268 2644 1386 2699 sunt,
1423 2644 1466 2683 et
1493 2640 1632 2697 [fecit]
1660 2640 1711 2683 de
1736 2654 1782 2686 80

45 2730 48 2734 ’
132 2710 206 2756 his
249 2712 452 2756 omnibus
500 2713 677 2756 fortuna
720 2712 837 2769 quod
875 2714 1014 2757 voluit
1058 2717 1100 2757 et
1145 2714 1350 2771 quicquid
1393 2713 1576 2770 singulis
1619 2712 1711 2755 fata

132 2781 428 2843 decreverant,
464 2784 668 2830 Sullanae
709 2784 899 2828 feritatis
937 2786 1305 2830 animadversione
1343 2785 1557 2841 completa
1596 2787 1709 2828 sunt.

252 2857 304 2899 ut
345 2858 390 2899 et
433 2855 518 2900 hoc
562 2856 674 2899 scias
716 2870 818 2899 vera
854 2871 937 2900 nos
974 2857 1141 2900 ratione
1185 2856 1387 2914 edixisse,
1428 2856 1572 2912 ipsum
1608 2860 1710 2912 post

133 2925 242 2971 Mc
272 2927 389 2971 mala
423 2942 605 2984 prosper
645 2928 906 2984 sequebatur
946 2931 1135 2972 eventus.
1196 2931 1428 2985 perpetuae
1472 2928 1709 2973 dictaturae

505 3019 508 3022 .
1374 2999 1424 3036 b*
