1976 3190
558 173 786 220 Fragmenta
810 175 964 208 48—51.
990 193 1037 197 —
1061 170 1262 207 Enarratio
1288 173 1439 206 52—60.
1701 169 1784 211 131

74 273 96 308 f‘
129 290 162 316 T
203 285 410 328 claudius
449 300 579 338 neque
620 286 740 326 Curio
782 297 978 336 umquam
1022 284 1135 323 illam
1178 284 1220 322 in
1264 284 1468 336 regionem
1507 285 1785 334 pervenerunt.

214 346 364 399 Tertio,
388 360 468 387 non
488 348 633 398 quarto
652 346 754 385 libro
774 358 863 385 eam
883 344 932 384 ob
953 356 1116 383 causam
1135 344 1242 383 insei
1244 344 1390 383 endum
1415 357 1497 383 esse
1518 344 1789 395 fragmentum

213 406 371 460 putavi,
403 406 593 465 quoniam
618 406 678 457 iis,
710 417 814 456 quae
839 404 941 444 libro
974 406 1119 455 quarto
1149 405 1397 455 enarrantur,
1431 403 1679 453 temporibus
1710 416 1788 442 non

215 466 298 506 iam
322 479 445 517 prope
470 479 579 505 mare
599 465 815 518 Aegaeum,
842 465 910 503 sed
934 465 1044 502 ultra
1063 464 1262 503 Haemum
1281 463 1594 514 Danuviumque
1619 463 1789 502 bellasse

215 524 412 566 Lucullus
440 525 613 566 videtur.

844 827 1061 882 CAPUT,
1090 826 1172 876 IV.

209 933 443 1000 ,Bellum
476 931 882 988 Mithridaticum,
922 931 986 975 fr.
1015 932 1075 974 52
1090 931 1237 984 —603
1277 911 1593 983 subiungitur
1625 929 1759 974 situs

616 1004 763 1048 Ponti
794 1004 1060 1059 expositio,
1100 1003 1164 1046 fr.
1192 1001 1395 1056 61—80.

882 1130 1134 1166 Enarratio.

337 1214 384 1257 L.
402 1213 610 1257 Lucullus
630 1213 770 1256 hieme
786 1213 928 1269 Cyzici
949 1216 1044 1255 acta
1064 1213 1240 1255 ineunte
1260 1227 1358 1254 vere
1378 1212 1424 1254 in
1442 1227 1559 1254 mare
1573 1211 1795 1269 Aegaeum
1821 1239 1825 1242 -

217 1279 366 1330 vectus
397 1286 592 1329 ‘classem
622 1301 825 1343 magnam
857 1288 900 1328 et
938 1288 1147 1342 ornatam,
1182 1299 1291 1341 quae
1324 1284 1506 1326 ducibus
1539 1283 1796 1327 Sertorianis

146 1352 148 1358 X
218 1356 328 1418 (scil.
351 1358 410 1402 M.
436 1357 594 1416 Mario)
625 1358 680 1400 ad
703 1357 874 1400 Italiam
907 1357 1049 1400 studio
1082 1360 1212 1413 atque
1245 1356 1343 1399 odio
1370 1356 1634 1398 inflammata
1660 1355 1797 1411 rapie-

219 1429 364 1474 batur'
389 1429 494 1489 (Cic.
519 1430 571 1473 de
590 1430 693 1486 imp.
713 1429 865 1486 Pomp.
887 1428 978 1487 21),
1004 1445 1101 1472 cum
1126 1429 1180 1471 ad
1206 1428 1391 1471 insulam
1417 1427 1606 1484 aliquam
1631 1442 1798 1470 moran-

218 1505 310 1547 tem
339 1502 568 1560 reperiret,
606 1502 888 1545 circumvenit
921 1502 997 1559 (fr.
1025 1500 1102 1559 52)
1141 1500 1449 1556 depressitque.
1512 1499 1596 1543 Sed
1631 1498 1800 1541 Mithri-
1819 1499 1876 1542 52

220 1574 341 1619 dates
365 1577 655 1632 persequente
674 1574 868 1618 Voconio
894 1574 1039 1617 Barba
1064 1573 1209 1631 legato
1229 1572 1483 1616 Nicomedia
1509 1571 1638 1614 cessit
1669 1574 1799 1627 atque

219 1647 267 1691 in
296 1647 487 1692 Pontum
524 1650 673 1690 vectus
695 1643 786 1705 [(fr.
813 1644 891 1704 53)
930 1646 1076 1688 subita
1114 1647 1374 1701 tempestate
1411 1644 1666 1702 ingentique
1698 1658 1799 1685 nau-
1820 1643 1877 1686 53

221 1719 363 1778 stagio
394 1734 629 1776 oppressus
661 1721 726 1761 est
758 1716 835 1782 (fr.
862 1719 932 1776 54,
958 1716 1054 1775 55)3
1087 1717 1192 1774 quin
1218 1717 1311 1773 ipse
1337 1716 1458 1774 regia
1481 1716 1580 1758 navi
1607 1716 1800 1758 demersa
1819 1714 1889 1771 54,
1909 1714 1967 1756 55

221 1789 298 1851 (fr.
323 1789 402 1851 56)
440 1806 520 1848 per
555 1791 822 1847 praedonum
858 1804 1169 1846 myoparonem
1206 1789 1279 1831 vix
1311 1789 1566 1831 Heracleam
1604 1787 1801 1844 confugit
1821 1787 1878 1830 56

220 1861 374 1922 (Plut.
399 1862 513 1906 Luc.
538 1877 572 1906 c.
601 1864 656 1919 13
686 1877 822 1919 usque
848 1862 902 1904 ad
926 1864 1190 1919 παραβόλως
1221 1863 1284 1912 εἰς
1313 1861 1394 1916 τὴν
1420 1860 1648 1915 Ποντικὴν
1669 1858 1802 1916 Ἡρά-

220 1939 374 1980 κλειαν
399 1933 627 1992 ἐξεσώθη).
672 1934 737 1977 Ac
760 1927 864 1977 mox
883 1934 1102 1990 Lucullus,
1128 1932 1268 1990 Cotta,
1293 1932 1484 1975 Triarius
1508 1932 1802 1975 Romanorum

224 2005 354 2050 duces
388 2006 643 2063 Bithyniam
687 2021 951 2062 occupavere
995 2005 1135 2062 captis
1173 2005 1219 2047 in
1263 2019 1312 2046 ea
1349 2003 1545 2060 Apamea
1581 2019 1630 2047 ac
1666 2004 1803 2047 Prusa

225 2078 411 2135 oppidis,
436 2078 535 2121 dein
560 2078 782 2134 tripertito
808 2078 869 2121 ita
895 2078 1000 2121 belli
1026 2092 1215 2133 munere,
1240 2079 1289 2119 ut
1317 2076 1444 2119 Cotta
1470 2076 1599 2118 urbes
1620 2075 1803 2119 Graecas

224 2150 279 2192 ad
309 2165 426 2194 mare
464 2150 570 2194 sitas
607 2150 874 2208 adoreretur,
910 2150 1117 2193 Lucullus
1155 2149 1201 2191 in
1231 2148 1498 2191 Mithridatis
1528 2163 1712 2206 regnum
1743 2147 1804 2190 in-

224 2221 413 2278 vaderet,
443 2221 636 2264 Triarius
666 2237 763 2265 cum
794 2222 978 2265 navibus
1009 2221 1213 2277 reliquias
1244 2221 1389 2278 regiae
1422 2220 1570 2263 classis
1601 2220 1804 2263 adversus

225 2293 483 2351 Hispaniam
514 2296 641 2336 antea
672 2294 828 2336 missae
861 2293 1099 2350 exciperet,
1136 2293 1343 2336 Lucullus
1374 2293 1420 2335 in
1452 2292 1665 2335 Galatiam
1696 2293 1804 2335 Pon-

225 2369 406 2422 tumque
436 2365 557 2408 nullo
595 2366 685 2408 fere
716 2365 943 2408 resistente
975 2366 1196 2423 ingressus
1228 2367 1293 2407 est
1325 2365 1476 2423 (Plut.
1508 2365 1620 2407 Luc.
1654 2379 1687 2406 c.
1717 2363 1803 2422 14).

225 2437 296 2481 Ibi
327 2437 617 2480 circumsessis
643 2437 921 2494 Themiscyra
953 2441 996 2480 et
1026 2436 1178 2480 Amiso
1211 2437 1386 2493 oppidis
1418 2436 1494 2495 (fr.
1515 2437 1592 2493 57)
1619 2436 1804 2478 hiemem
1825 2436 1879 2478 57

227 2509 275 2553 in
305 2509 457 2552 castris
489 2509 801 2565 obsidioneque
839 2509 929 2567 egit
964 2524 1105 2566 neque
1143 2509 1304 2551 milites
1341 2508 1598 2551 iratissimos
1636 2508 1681 2549 in
1713 2522 1804 2550 sese

228 2595 323 2624 esse
353 2581 528 2624 omnino
560 2581 726 2624 curavit
759 2580 909 2639 (Plut.
943 2581 1014 2639 ib.‚
1045 2581 1101 2624 fr.
1129 2579 1218 2639 58).
1281 2580 1365 2623 Sed
1397 2580 1524 2623 Cotta
1555 2580 1669 2621 inter
1700 2579 1805 2622 haee
1825 2580 1881 2622 58

229 2644 283 2696 ad
299 2653 554 2696 Heracleam
573 2653 798 2696 Ponticam
818 2653 1008 2711 accessit,
1028 2653 1149 2696 cuius
1169 2652 1214 2695 in
1235 2652 1459 2695 obsidione
1479 2667 1576 2694 cum
1595 2651 1641 2693 P.
1659 2649 1804 2707 Oppio

230 2727 459 2781 quaestore
490 2725 584 2768 rixa
622 2725 660 2767 ei
699 2728 793 2768 orta
825 2728 908 2782 est,
945 2731 1026 2768 τοῦ
1063 2731 1176 2780 γοῦν
1208 2727 1355 2767 Κόττα
1392 2730 1472 2767 τοῦ
1504 2723 1696 2780 Μάρκου
1727 2724 1806 2766 τὸν

230 2794 312 2854 μὲν
348 2799 511 2854 ταμίαν
545 2798 778 2840 Πούπλιον
803 2796 994 2840 Ὄππιον
1033 2796 1108 2840 ἐπί
1141 2812 1188 2840 τε
1221 2797 1384 2852 δώροις
1419 2793 1492 2838 καὶ
1533 2793 1602 2838 ἐπὶ
1634 2795 1805 2852 ὑποψίᾳ

186 2882 189 2886 ’
230 2867 470 2925 ἐπιβουλῆς
501 2867 578 2929 (fr.
604 2867 682 2925 59)
714 2869 1057 2925 ἀποπέμψαντος
1088 2867 1204 2926 (Dio
1236 2866 1424 2909 XXXVI
1455 2868 1526 2924 40,
1552 2868 1592 2924 3,
1623 2867 1680 2910 fr.
1708 2864 1804 2925 60);
1824 2868 1894 2925 59,
1915 2868 1973 2910 (30

231 2954 280 2983 ac
316 2943 470 2997 postea
507 2939 678 2996 Oppius
716 2955 768 2982 ex
810 2939 998 2996 epistula
1035 2939 1186 2983 Cottae
1217 2939 1380 2982 Romae
1417 2953 1516 2981 reus
1552 2938 1692 2982 factus
1729 2941 1806 2981 est.

1473 3010 1520 3044 9*
