1976 3190
0 3182 6 3190 -
0 3089 8 3179 —w-w-

786 149 1015 195 Fragmenta
1034 152 1186 185 45—48.
1690 148 1772 190 127

198 262 347 305 tatem.
401 259 555 316 Neque
586 273 655 301 me
686 257 906 315 praeterit,
938 261 1122 314 quantas
1154 272 1260 313 opes
1284 257 1530 300 nobilitatis
1555 256 1673 299 solus
1698 256 1773 299 im·
1794 270 1814 298 3

198 335 357 389 potens
388 331 505 374 inani
540 330 684 386 specie
721 330 1002 387 magistratus
1039 329 1200 384 pellere
1239 328 1530 371 dominatione
1569 327 1775 384 incipiam

200 406 449 460 quantoque
487 402 625 445 tutius
661 401 792 444 factio
829 400 1059 444 noxiorum
1096 403 1200 457 agat
1237 415 1366 456 quam
1401 400 1481 442 soli
1513 400 1774 442 innocentes.

198 474 284 519 Sed
313 477 486 531 praeter
517 489 640 530 spem
671 474 830 516 bonam
868 487 921 515 ex
959 472 1103 529 vobis,
1120 487 1250 527 -quae
1282 475 1446 514 metum
1483 472 1604 528 vicit,
1642 471 1775 514 statui
1796 483 1817 514 4

199 546 446 590 certaminis
476 546 654 588 adversa
690 560 770 601 pro
801 544 1005 587 libertate
1040 543 1213 599 potiora
1251 558 1342 586 esse
1374 543 1477 586 forti
1509 543 1614 599 viro,
1647 558 1776 599 quam

199 617 374 661 omnino
404 632 493 661 non
524 617 763 661 certavisse.
825 615 1096 671 Quamquam
1127 630 1276 658 omnes
1307 614 1381 657 alii
1414 615 1545 658 creati
1578 630 1658 671 pro
1683 615 1777 657 iure
1797 627 1816 657 5

198 692 342 734 vestro
374 689 462 732 vim
493 691 693 732 cunctam
724 691 768 730 et
793 687 975 744 imperia
1001 702 1078 729 sua
1103 686 1245 745 gratia
1270 689 1346 729 aut
1371 701 1448 742 spe
1474 690 1549 729 aut
1574 686 1776 742 praemiis

201 760 244 806 in
271 776 352 804 vos
377 763 639 816 convertere,
668 759 908 815 meliusque
933 759 1098 801 habent
1129 758 1322 801 mercede
1355 757 1617 813 delinquere,
1648 773 1777 813 quam

197 832 335 891 gratis
366 835 482 876 recte
513 833 663 876 facere.
719 830 870 887 Itaque
902 846 1051 874 omnes
1082 823 1330 873 concessere
1357 829 1443 872 iam
1468 829 1514 871 in
1540 844 1776 884 paucorum
1798 842 1817 871 ss

198 904 555 960 dominationem,
605 903 679 960 qui
723 918 800 960 per
842 902 1030 945 militare
1072 917 1231 945 nomen
1275 901 1505 957 aerarium,
1551 900 1778 955 exercitus,

199 991 346 1035 regna,
369 975 612 1033 provincias
637 989 898 1031 occupavere
929 978 972 1017 et
997 989 1138 1017 arcem
1163 974 1328 1016 habent
1354 987 1407 1016 ex
1433 972 1585 1028 spoliis
1610 972 1778 1028 vestris,

199 1063 299 1093 cum
329 1047 505 1092 interim
534 1062 653 1090 more
685 1062 890 1103 pecorum
920 1061 1015 1103 vos,
1051 1045 1303 1101 multitudo,
1341 1044 1525 1102 singulis
1555 1044 1778 1086 habendos

200 1119 489 1176 fruendosque
519 1118 757 1175 praebetis,
796 1118 915 1161 exuti
954 1117 1157 1161 omnibus
1191 1132 1301 1173 quae
1333 1116 1517 1159 maiores
1548 1115 1778 1171 reliquere,

199 1190 285 1235 nisi
316 1191 418 1247 quia
448 1190 665 1234 vobismet
699 1190 786 1246 ipsi
818 1205 896 1246 per
927 1189 1150 1247 suffragia,
1189 1191 1238 1231 ut
1267 1188 1485 1245 praesides
1518 1187 1634 1243 olim,
1665 1201 1779 1229 nunc

201 1262 399 1306 dominos
429 1262 666 1305 destinatis„
727 1261 880 1318 Itaque
912 1276 1158 1304 concessere
1190 1260 1293 1303 illuc
1325 1275 1486 1315 omnes,
1521 1262 1565 1302 at
1597 1274 1710 1315 mox,
1743 1259 1778 1301 si
1801 1271 1818 1302 7

201 1337 344 1378 vestra
366 1325 631 1391 receperitis,
656 1334 710 1376 ad
736 1349 812 1377 vos
838 1333 1052 1390 plerique3
1078 1333 1186 1376 raris
1212 1332 1325 1375 enim
1352 1332 1522 1375 animus
1548 1334 1613 1374 est
1639 1331 1692 1373 ad
1719 1346 1780 1387 ea,

201 1421 311 1462 quae
337 1406 524 1463 placent,
555 1406 832 1462 defendenda,
864 1405 994 1448 ceteri
1026 1404 1284 1448 validiorum
1322 1407 1434 1446 sunt.
1496 1403 1567 1446 An
1598 1403 1779 1445 dubium
1800 1415 1820 1445 8

201 1477 386 1535 habetis,
414 1492 522 1521 num
553 1477 725 1520 officere
752 1477 856 1533 quid
880 1477 1006 1520 vobis
1033 1492 1118 1520 uno
1145 1476 1288 1519 animo
1315 1475 1601 1533 pergentibus
1629 1474 1781 1531 possit,

204 1551 314 1605 quos
343 1549 573 1607 languidos
612 1549 896 1605 socordesque
934 1548 1226 1605 pertimuere?
1288 1547 1385 1591 Nisi
1417 1548 1530 1590 forte
1563 1546 1606 1589 O.
1641 1546 1780 1601 Cotta,

202 1635 256 1664 ex
287 1620 476 1664 factione
507 1621 648 1664 media
673 1621 836 1677 consul,
867 1620 994 1663 aliter
1027 1635 1158 1676 quam
1189 1622 1309 1662 metu
1340 1619 1435 1662 iura
1467 1619 1677 1675 quaedam
1707 1618 1780 1660 tri-

203 1692 333 1736 bunis
375 1692 520 1749 plebis
563 1693 775 1750 restituit3
819 1695 863 1736 et
908 1699 1170 1749 quamquam
1209 1692 1255 1734 L.
1294 1690 1480 1734 Sicinius
1524 1691 1691 1746 primus
1729 1690 1780 1731 de

201 1766 420 1820 potestate
469 1764 702 1808 tribunicia
749 1765 872 1821 loqui
916 1780 1046 1807 ausus
1090 1763 1389 1807 mussantibus
1435 1763 1561 1806 vobis
1605 1762 1780 1807 circum—

202 1838 358 1880 ventus
388 1839 498 1892 erat,
534 1839 680 1880 tamen
712 1837 834 1893 prius
866 1836 930 1879 illi
965 1835 1171 1879 invidiam
1203 1838 1414 1889 metuere,
1452 1849 1580 1890 quam
1613 1849 1689 1877 vos
1721 1833 1780 1875 in-

201 1907 337 1952 iuriae
369 1911 616 1964 pertaesum
647 1912 724 1952 est.

322 1979 447 2032 Quod
477 1995 558 2038 ego
590 1995 757 2037 nequeo
787 1980 893 2024 satis
918 1980 1077 2036 mirari,
1109 1979 1312 2036 Quirites,
1342 1994 1443 2021 nam
1475 1992 1598 2033 spem
1623 1977 1783 2019 frustra
1803 1988 1822 2019 9

202 2051 336 2096 fuisse
379 2051 669 2096 intellexistis.
730 2051 850 2095 Sulla
895 2055 1085 2108 mortuo,
1130 2051 1205 2107 qui
1247 2051 1477 2094 scelestum
1515 2049 1784 2105 imposuerat

203 2123 446 2180 servitium,
482 2124 613 2166 finem
644 2123 746 2166 mali
778 2123 1037 2167 credebatis:
1076 2125 1197 2166 ortus
1235 2125 1301 2165 est
1338 2122 1468 2179 longe
1508 2120 1675 2163 saevior
1707 2119 1782 2162 Ga-

204 2194 333 2238 tulus.
383 2194 614 2238 Tumultus
642 2195 885 2238 intercessit
910 2195 1046 2238 Bruto
1080 2197 1123 2236 et
1149 2193 1365 2236 Mamerco
1391 2192 1654 2250 consulibus,
1686 2192 1783 2234 dein
1808 2203 1849 2233 10

204 2266 249 2310 C.
291 2266 420 2310 Curio
464 2266 518 2309 ad
562 2266 744 2309 exitium
786 2281 927 2322 usque
974 2265 1160 2309 insontis
1203 2264 1370 2308 tribuni
1415 2263 1662 2307 dominatus
1706 2267 1782 2306 est.

203 2338 410 2382 Lucullus
448 2338 670 2394 superiore
703 2353 814 2382 anno
847 2337 1021 2394 quantis
1059 2337 1214 2380 animis
1252 2336 1351 2379 ierit
1388 2336 1435 2378 in
1466 2336 1512 2378 L.
1545 2335 1782 2392 Quintium,
1807 2348 1843 2378 ιι

204 2409 393 2467 vidistis3
425 2413 612 2466 quantae
644 2410 828 2466 denique
859 2425 973 2453 nunc
1004 2409 1111 2452 mihi
1144 2409 1299 2452 turbae
1325 2407 1615 2451 concitantur!
1667 2407 1782 2457 Quae

204 2482 402 2539 profecto
448 2482 663 2525 incassum
709 2482 968 2540 agebantur,
1019 2481 1055 2524 si
1100 2480 1223 2537 prius
1271 2495 1401 2537 quam
1447 2494 1523 2522 vos
1571 2478 1780 2521 serviendi

324 2611 587 2649 Testimon.:
614 2617 646 2648 8.
668 2612 775 2648 Arus.
796 2624 832 2658 p.
847 2615 933 2649 500:
955 2611 1029 2648 Sal.
1049 2610 1137 2647 hist.
1155 2611 1223 2647 HI:
1246 2611 1396 2655 ‘quam.
1416 2639 1422 2645 .
1440 2639 1446 2644 .
1462 2610 1677 2654 pertaesum
1696 2608 1780 2644 est.'

324 2735 356 2769 5.
385 2732 473 2769 Post
495 2731 674 2787 praemiis
701 2731 887 2768 excidisse·
896 2732 1140 2778 participium
1165 2730 1317 2766 Dietsch
1340 2733 1446 2765 ratus
1471 2732 1531 2764 est.

323 2784 355 2817 6.
382 2779 473 2827 ipsi]
498 2780 592 2826 ipsis
622 2780 663 2825 V,
690 2780 810 2825 Kritz,
835 2791 927 2816 corr.
951 2778 1065 2824 Corte,
1090 2777 1336 2823 vosmetipsi
1362 2777 1494 2812 Aldus.

324 2831 355 2864 7.
383 2829 425 2864 at
448 2829 551 2875 mox]
578 2829 617 2863 et
640 2839 727 2863 mox
754 2828 796 2872 V,
821 2838 911 2864 corr.
934 2827 1055 2864 Kritz.
1090 2848 1133 2853 —
1164 2826 1334 2872 placent]
1366 2824 1492 2859 iacent
1517 2825 1610 2859 coni.
1634 2823 1779 2871 Mdhzy.

324 2879 356 2912 8.
382 2878 422 2912 et
452 2876 710 2924 quamquam]
736 2874 882 2911 scilicet
918 2886 1148 2921 quamquam
1186 2875 1279 2910 coni.
1313 2873 1472 2908 Dietseh.
1514 2893 1556 2898 -
1598 2873 1781 2919 metuere]

205 2925 377 2960 mutuere
404 2924 445 2959 V.
