1916 3178
243 271 275 298 c.
303 257 378 298 55:
421 254 705 311 Μιθριδάτης
748 253 788 296 δ’
827 254 1070 298 ἐνιαυτὸν
1107 254 1192 297 καὶ
1229 260 1393 309 μῆνας
1437 253 1568 296 ὀκτὼ
1614 253 1663 297 ἐν
1701 261 1796 305 τοῖς

241 327 418 383 μέρεσιν
454 331 531 380 τῆς
562 324 790 381 Ἀρμενίας
826 326 1064 382 διατρίβων
1101 326 1223 368 οὔπω
1261 326 1324 375 εἰς
1361 325 1467 374 ὄψιν
1501 323 1684 380 κατέστη
1721 327 1794 368 Τι-
1893 297 1916 431 i

240 398 407 453 γράνου
431 413 468 439 κ.
488 412 522 439 τ.
543 399 600 447 λ.;
632 410 728 437 cum
758 411 857 438 vero
889 399 1069 437 exeunte
1101 411 1211 438 anno
1240 397 1294 438 70
1326 394 1571 437 convenisse
1602 409 1675 437 eos
1704 394 1795 438 veri

241 467 506 509 simillimum
532 469 654 522 esset,
679 466 830 523 effugit
856 467 901 508 in
925 466 1171 508 Armeniam
1196 465 1442 521 proelioque
1469 464 1687 508 Cabirensi
1711 465 1794 508 vic·
1908 433 1916 531 ἒ

240 542 310 579 tus
342 541 406 579 est
437 536 706 579 Mithridates
737 552 834 579 vere
865 538 963 579 anni
998 539 1063 580 71.

360 670 385 719 ξ
411 669 448 710 2.
505 667 769 722 Scriptorum
795 667 867 722 qui
894 667 944 708 de
971 667 1083 708 bello
1108 666 1398 709 Mithridatico
1426 668 1606 723 egerunt
1629 681 1795 711 summo

241 741 306 780 est
342 741 558 780 momento
595 738 913 780 Plutarchus.
982 737 1115 788 Quem
1156 738 1201 780 in
1239 738 1328 780 vita
1368 736 1536 779 Luculli
1575 726 1798 781 scribenda

239 808 488 863 primarium
529 810 692 851 fontem
729 808 978 851 Sallustium
1014 809 1215 851 habuisse
1251 807 1421 864 Peter¹)
1458 807 1692 851 rectissime
1729 808 1796 851 de·

240 883 565 935 monstraverat3
603 880 836 921 extiterunt
874 879 1062 934 quidem,
1102 880 1174 935 qui
1213 879 1463 922 Sallustium
1503 893 1595 922 esse
1633 880 1798 923 fontem

239 950 459 1000 Plutarchi
477 953 684 1006 negarent
692 948 745 1006 2);
770 950 1047 992 Plutarchum
1074 950 1187 992 enim
1212 950 1333 1005 quasi
1360 965 1444 992 uno
1470 950 1649 993 decursu
1666 950 1798 993 fluere

241 1036 409 1076 unoque
449 1035 620 1062 manare
661 1036 684 1062 e
721 1022 838 1062 fonte
879 1021 978 1076 rati,
1022 1021 1096 1062 ubi
1137 1021 1365 1076 quicquam
1404 1021 1457 1062 ad
1496 1020 1799 1065 Sallustianam

241 1091 489 1134 memoriam
520 1091 660 1133 minus
697 1091 901 1146 quadrare
940 1091 993 1132 iis
1024 1091 1164 1133 visum
1196 1093 1276 1146 est,
1315 1091 1461 1133 statim
1498 1083 1635 1135 totam
1664 1085 1799 1143 vitam

169 1203 172 1206 Δ
241 1177 265 1203 a
307 1162 509 1204 Sallustio
560 1162 884 1204 abiudicandam
933 1177 1024 1203 esse
1065 1162 1275 1217 putabant
1319 1164 1362 1203 et
1403 1161 1573 1204 Livium
1615 1161 1799 1205 aliumve
1834 1209 1837 1211 Α
1905 1187 1916 1198 ε

241 1236 457 1275 auctorem
506 1233 762 1274 statuebant.
842 1231 924 1274 Sed
973 1232 1215 1274 acutissime
1266 1231 1368 1274 Otto
1377 1230 1412 1288 ³)
1461 1232 1801 1289 conglutinatam

241 1319 263 1345 e
294 1304 422 1359 variis
453 1304 583 1345 trium
615 1303 887 1358 scriptorum,
919 1302 1128 1358 Sallustii,
1157 1303 1286 1359 Livii,
1317 1302 1540 1346 Strabonis
1578 1301 1800 1359 particulis

241 1374 461 1417 Plutarchi
501 1374 790 1416 narrationem
830 1388 938 1429 esse,
980 1376 1125 1415 tamen
1163 1373 1414 1428 primarium
1452 1373 1544 1417 eius
1582 1376 1800 1418 auctorem

241 1445 490 1487 Sallustium
534 1445 664 1488 fuisse
708 1444 1024 1486 demonstravit.
1076 1470 1130 1474 ῆ-
1181 1443 1364 1487 Omnino
1403 1444 1660 1487 Plutarchus
1702 1443 1800 1489 inde

241 1531 265 1557 a
291 1516 429 1571 capite
455 1517 483 1558 5
514 1516 559 1574 (i.
587 1531 620 1557 e.
653 1531 677 1557 a
701 1516 869 1558 Luculli
901 1513 1145 1572 consulatu)
1175 1530 1350 1570 prorsus
1381 1515 1488 1558 alios
1518 1518 1647 1571 atque
1668 1517 1802 1558 'antea

241 1590 434 1630 auctores
454 1587 716 1629 consuluisse
735 1587 921 1642 videtur3
952 1601 1085 1641 usque
1111 1589 1255 1628 autem
1280 1587 1333 1628 ad
1358 1589 1486 1641 caput
1505 1587 1530 1629 9
1551 1585 1802 1632 Sallustium
1909 1596 1916 1632 ἱ

240 1659 404 1706 fontem
447 1673 537 1700 esse
582 1659 860 1713 comprobant
910 1661 951 1700 et
995 1658 1146 1700 acerba
1189 1657 1461 1713 optimatium
1505 1659 1801 1712 corruptorum

241 1729 466 1786 castigatio
499 1732 542 1771 et
573 1729 764 1771 seditiosi
796 1729 841 1771 in
870 1729 974 1771 Asia
1005 1729 1215 1771 exercitus
1253 1727 1545 1785 descriptio4),
1581 1730 1801 1783 praetcrea

242 1800 459 1855 complura
491 1799 681 1842 Sallustii
713 1801 963 1856 fragmenta.
1026 1799 1109 1842 Sed
1139 1799 1383 1856 prodigium
1413 1799 1521 1842 illud
1551 1814 1585 1841 c.
1611 1800 1638 1842 8
1663 1799 1800 1842 Mario

242 1873 284 1912 et
326 1871 504 1912 Lucullo
548 1871 708 1912 factum
751 1886 776 1911 a
818 1870 1021 1913 Sallustio
1071 1870 1411 1912 abiudicaverim.
1483 1869 1645 1925 Aperte
1687 1869 1802 1913 enim

240 1942 498 1983 narrationis
535 1957 683 1983 cursus
707 1941 907 1997 graviter
943 1941 1284 1996 interrumpitur,
1322 1940 1523 1996 quoniam
1560 1943 1686 1983 antea
1715 1940 1802 1983 iam

241 2027 373 2067 prope
418 2012 726 2054 Chalcedonem
767 2012 972 2054 Lucullus
1022 2015 1085 2054 est
1131 2012 1329 2067 videtque
1371 2011 1570 2067 ingentes
1611 2009 1802 2052 hostium
1856 2028 1860 2031 *

242 2083 402 2139 copias,
433 2086 525 2124 tum
557 2083 699 2125 subito
731 2083 776 2124 in
807 2082 997 2139 Phrygia
1027 2098 1124 2124 cum
1154 2082 1289 2124 Mario
1322 2082 1523 2138 congredi
1554 2081 1727 2138 dicitur,
1756 2083 1802 2128 at

242 2154 388 2195 statim
419 2154 557 2196 denuo
590 2156 687 2195 ante
715 2153 1022 2195 Chalcedonem
1054 2156 1149 2195 stat.
1211 2153 1391 2195 Prorsus
1422 2155 1567 2195 autem
1591 2151 1802 2207 discrepat

243 2225 486 2281 prodigium
531 2225 637 2266 illud
679 2240 703 2266 a
741 2224 998 2266 Sallustiano
1042 2239 1197 2280 genere
1240 2223 1456 2279 narrandi3
1505 2222 1802 2280 cognoscimus

243 2296 378 2352 igitur
408 2297 488 2338 hoc
519 2312 544 2337 a
574 2296 804 2337 Plutarcho
843 2296 887 2337 in
918 2295 1101 2337 mediam
1132 2295 1324 2338 Sallustii
1354 2295 1643 2337 narrationem
1667 2293 1804 2336 ‚inser-

365 2474 399 2515 1)
423 2471 448 2506 1.
475 2470 499 2507 1.
526 2484 561 2516 p.
584 2475 662 2506 106.

363 2533 398 2574 2)
426 2529 530 2564 Sicut
556 2529 719 2564 Grashof
748 2529 822 2574 „de
848 2529 1014 2564 fontibus
1046 2531 1084 2564 et
1117 2529 1343 2565 auctoritate
1369 2528 1488 2566 Cassii
1511 2528 1671 2564 Dionis“
1696 2526 1800 2575 (diss.

245 2589 361 2624 Bonn.
391 2590 513 2634 1867);
546 2589 668 2623 Lauer
700 2588 776 2632 „de
813 2587 1056 2633 scriptoribus
1091 2587 1182 2622 belli
1214 2587 1465 2623 Mithridatici
1497 2586 1630 2622 tertii“
1662 2589 1800 2633 (progr.

245 2648 411 2683 Wetzlar
443 2650 564 2692 1871);
604 2647 765 2683 Schacht
802 2647 961 2692 „Quelle
995 2647 1191 2682 Plutarchs
1234 2647 1274 2681 in
1311 2647 1377 2682 der
1415 2646 1495 2682 vita
1531 2646 1596 2682 des
1631 2645 1800 2682 Lucull.“

244 2708 381 2752 (progr.
393 2706 562 2752 Lemgo);
589 2705 848 2751 comprobavit
866 2705 990 2741 Peteri
1010 2705 1235 2741 sententiam
1254 2706 1488 2742 Gleitsmann
1513 2706 1589 2751 „de
1607 2705 1798 2741 Plutarchi

243 2765 282 2799 in
308 2765 454 2800 Luculli
479 2765 558 2801 vita
582 2765 750 2801 fontibus
777 2776 819 2799 ac
845 2765 948 2799 fide“
975 2764 1078 2810 (diss.
1104 2765 1255 2810 Erlang.
1284 2766 1400 2810 1883).

367 2826 403 2869 3)
429 2824 452 2859 l.
479 2825 502 2860 1.
529 2837 565 2869 p.
592 2828 660 2860 315
675 2837 728 2869 sq.

363 2885 399 2927 4)
427 2882 479 2918 cf.
506 2883 594 2919 Otto
620 2884 643 2919 l.
670 2884 693 2919 1.
720 2895 755 2928 p.
777 2887 856 2920 316.
