1976 3190
244 153 328 194 120
720 144 876 182 Sallusti
899 144 1149 181 Historiarum
1173 143 1238 179 lib.
1258 142 1320 178 ΠΙ.

242 275 314 302 sua
345 262 496 311 sponte,
529 259 597 298 sed
627 271 760 310 regem
791 258 949 296 tantum
980 258 1140 296 secutus
1172 254 1358 306 Cyzicum
1388 253 1590 303 profectus
1620 253 1698 304 est,
1732 251 1800 292 vix

243 322 343 361 talia
374 318 575 358 enuntiari
605 318 833 375 potuerunt.

361 408 438 453 27.
499 407 624 451 Nam
661 406 819 449 tertia
849 406 969 449 luna
1006 408 1115 448 erat
1147 404 1449 449 etsublima
1478 401 1666 446 nebula
1696 414 1803 446 cae-

243 482 347 523 lum
379 479 703 522 obscurabat.

290 549 467 618 *App
519 571 583 617 (ΙΠ
603 574 647 606 15
660 571 704 616 D,
733 575 777 606 14
790 571 834 616 K,
861 574 905 606 84
920 569 963 615 6,
988 570 1005 604 1
1029 582 1063 615 p.
1086 572 1154 604 378
1180 570 1218 604 et
1241 572 1321 613 524,
1346 568 1380 603 11
1404 580 1439 614 p.
1460 571 1505 603 82
1525 569 1563 604 et
1583 571 1650 604 238
1664 567 1740 616 Br.)
1759 588 1804 596 -

245 620 389 656 Nonius
409 619 496 655 Vm
519 631 555 665 p.
575 622 656 654 489.
683 620 694 663 ΙΙ
719 618 824 665 111116]
850 619 940 653 tunc
965 618 1085 661 codd„
1115 628 1205 653 corr.
1227 617 1377 662 Ma'hly,
1408 615 1499 650 luna
1524 621 1608 662 post
1633 617 1724 652 tunc
1748 617 1805 652 im-

210 721 213 724 ·
244 669 358 705 seruit
379 668 422 703 L.
439 667 591 710 Mviller,
610 671 649 702 at
667 668 756 701 tunc
775 666 880 702 valde
898 666 1130 710 superflwmn.
1151 684 1195 690 —
1215 663 1344 710 tertia]
1364 662 1508 699 incerta
1527 664 1618 700 coni.
1639 663 1805 711 Madviq.

365 743 532 782 Comm.
601 741 756 782 Collato
788 741 1004 780 Plutarcho
1036 753 1066 780 0.
1096 743 1139 780 9:
1184 738 1423 792 βουλόμενος
1460 731 1533 779 οὖν
1570 741 1709 779 λαθεῖν
1739 737 1808 779 τὸν

246 802 506 843 Λούκουλλον
550 800 675 848 εὐθὺς
715 799 793 840 ἀπὸ
832 800 995 839 δείπνου
1038 799 1185 838 νύκτα
1228 798 1448 850 δυσφανῆ
1491 796 1570 838 καὶ
1611 795 1808 852 νοτερὰν

246 861 360 914 ἔχων
397 860 516 901 ἐκίνει
553 861 651 899 bene
690 860 959 912 fragmentum
989 859 1065 898 hoc
1103 858 1324 898 illustravit
1354 858 1482 908 Kritz3
1519 870 1612 897 sane
1649 857 1810 897 tertiam

248 921 387 960 lunam
419 915 462 974 (i.
496 933 528 959 e.
560 921 717 959 noctem
747 918 927 969 tertiam,
965 919 1180 968 postquam
1215 918 1313 956 luna
1344 911 1565 971 incohavit)
1603 917 1810 957 obscuram

250 993 333 1020 esse
365 981 489 1030 patet.

367 1069 444 1114 28.
495 1068 793 1124 Castrisque
825 1068 1034 1110 collatis
1066 1081 1239 1123 pugna
1269 1070 1438 1109 tamen
1469 1066 1678 1124 ingenio
1709 1067 1811 1110 1001

250 1140 645 1197 prohibebatur.

314 1261 317 1263 ,
368 1233 474 1278 App.
526 1232 591 1277 (III
610 1234 655 1267 18
668 1231 713 1277 D,
741 1235 783 1266 17
798 1231 842 1277 Κ,
869 1234 913 1266 87
929 1230 972 1276 G,
997 1230 1031 1266 H
1054 1243 1090 1276 p.
1111 1234 1180 1266 360
1193 1230 1268 1277 ΒΥ.)
1294 1252 1338 1257 -
1363 1230 1508 1266 Nonius
1527 1230 1579 1267 IV
1602 1243 1637 1277 p.
1658 1235 1737 1268 323.

369 1308 536 1347 Comm.
607 1308 672 1346 Ad
710 1307 903 1358 Cyzicena
941 1307 1102 1346 Luculli
1132 1308 1264 1346 castra
1306 1307 1672 1359 condicionemque,
1712 1320 1814 1359 quae

254 1370 351 1407 tunc
381 1368 487 1406 inter
516 1369 733 1417 utrumque
766 1368 853 1406 erat
884 1367 1111 1418 exercitum,
1144 1368 1237 1416 apte
1267 1367 1388 1406 verba
1417 1367 1578 1406 rettulit
1605 1366 1728 1406 Kritz.

375 1468 484 1514 292².
546 1468 679 1511 Serv.
711 1469 772 1511 ad
802 1468 921 1511 Aen.
953 1468 1014 1511 XI
1038 1470 1143 1511 421:
1175 1468 1273 1511 ‘hoc
1304 1472 1381 1526 est,
1412 1469 1523 1512 unde
1554 1468 1700 1512 laudat
1731 1467 1818 1512 Sal-

250 1541 406 1585 lustius
443 1541 588 1597 duces,
632 1539 705 1595 qui
746 1541 960 1583 victoriam
995 1540 1207 1583 incruento
1250 1541 1426 1583 exercitu
1462 1539 1819 1596 reportaverunt?

370 1634 475 1679 App.
527 1633 591 1678 (ΠΙ
612 1636 654 1668 16
668 1632 712 1678 D,
738 1633 782 1678 K,
808 1633 825 1667 I
845 1636 912 1667 133
927 1632 970 1678 G,
996 1633 1012 1668 I
1036 1645 1071 1678 p.
1092 1636 1172 1678 424,
1199 1635 1279 1678 580,
1310 1632 1344 1667 Π
1368 1645 1403 1679 p.
1425 1636 1470 1668 95
1484 1632 1559 1680 Br.)
1585 1654 1629 1660 —
1655 1632 1820 1671 Serviwm

252 1683 426 1727 eoecripsit
450 1680 615 1715 Isidorus
643 1680 734 1726 orig.
764 1680 886 1715 XVHI
905 1684 938 1725 2,
960 1683 990 1716 1.

373 1764 449 1810 30.
509 1764 652 1808 Unde
688 1779 816 1820 pons
848 1764 900 1807 in
931 1765 1176 1820 oppidum
1207 1763 1819 1829 pertinens-explicatur.

371 1859 477 1903 App.
528 1857 593 1902 (III
611 1861 656 1892 20
669 1857 713 1903 D,
740 1861 783 1892 21
799 1857 843 1903 Κ,
870 1860 913 1892 57
929 1857 971 1903 G,
997 1857 1031 1892 H
1055 1870 1090 1903 p.
1112 1861 1156 1893 85
1177 1859 1216 1893 et
1237 1860 1303 1892 103
1318 1857 1392 1902 Br.)
1419 1877 1463 1883 —
1489 1856 1600 1893 Arus.
1626 1868 1662 1902 p.
1683 1859 1762 1892 503.

373 1934 539 1974 Comm.
589 1934 858 1984 Descriptioni
883 1933 1015 1984 Cyzici
1041 1934 1177 1985 oppidi
1201 1935 1274 1973 hoc
1299 1934 1575 1985 fragmentum
1599 1933 1819 1972 attribuen-

254 1996 350 2033 dum
381 2006 463 2033 esse
494 1994 672 2032 refutata
697 1993 840 2032 Kritzii
866 1993 1144 2043 Gerlachiique
1176 1994 1279 2032 falsa
1305 1992 1491 2043 opinione
1524 2013 1567 2019 —
1603 1991 1674 2043 qui
1699 2004 1821 2032 naves

254 2054 421 2093 turritas
458 2053 548 2091 illas
586 2052 628 2091 in
659 2052 928 2104 oppugnando
966 2052 1111 2103 oppido
1144 2065 1168 2091 a
1197 2052 1429 2091 Mithridate
1466 2051 1668 2091 adhibitas
1693 2050 1821 2092 dictas

255 2126 338 2152 esse
370 2113 681 2151 autumaverant
716 2134 765 2138 —
799 2112 885 2150 iure
916 2113 1008 2161 post
1038 2111 1296 2151 Debrossium
1326 2111 1490 2150 Dietseh
1521 2110 1710 2150 defendit.

379 2213 456 2259 31.
518 2213 871 2270 Exaudirique
903 2230 1057 2257 sonus
1087 2214 1557 2257 Bacchanaliorum.

375 2308 482 2353 App.
527 2306 592 2352 (III
613 2309 656 2341 79
670 2306 714 2351 D,
741 2310 785 2341 97
799 2307 844 2353 K,
870 2311 913 2342 31
931 2307 973 2353 G,
999 2308 1034 2342 II
1051 2319 1086 2353 p.
1110 2310 1177 2342 128
1188 2307 1262 2353 Br.)
1283 2328 1327 2333 —-
1347 2306 1491 2342 Nonius
1511 2306 1598 2342 VIII
1620 2318 1656 2352 p.
1676 2309 1757 2342 489.
1778 2327 1823 2333 -

258 2357 453 2391 Praeterea
477 2353 640 2389 Macrob.
669 2355 736 2389 sat.
758 2354 775 2388 I
793 2359 826 2399 4,
848 2358 886 2391 6:
922 2355 1030 2389 ‘nam
1061 2356 1099 2390 et
1126 2354 1326 2390 Sallustius
1358 2354 1399 2389 in
1422 2353 1537 2390 tertia
1561 2353 1823 2389 Bacchana-

258 2403 422 2437 liorum
447 2401 516 2437 ait'
545 2402 614 2436 etc.
647 2422 694 2427 —
725 2400 866 2438 Charis.
886 2414 921 2447 p.
944 2406 1005 2439 62:
1040 2402 1097 2438 ‘ut
1121 2401 1534 2437 Bacchanaliorum
1559 2400 1759 2437 Sallustius
1785 2402 1824 2437 et

261 2448 596 2485 Volcanaliorum.'

380 2524 545 2564 Comm.
607 2524 696 2575 Res,
732 2525 774 2562 in
806 2538 887 2574 qua
917 2526 1013 2564 haec
1044 2526 1164 2565 verba
1196 2526 1503 2564 commemorata
1540 2526 1646 2576 sunt,
1682 2523 1823 2563 simil-is

258 2585 417 2624 videtur
435 2596 517 2623 esse
537 2583 585 2634 ei,
612 2596 733 2633 quam
750 2584 792 2621 in
811 2584 857 2622 fr.
878 2584 918 2622 II
941 2585 1056 2636 87D,
1080 2586 1130 2623 19
1159 2584 1339 2636 legimus,
1364 2583 1434 2622 ubi
1458 2584 1500 2622 in
1523 2585 1658 2623 monte
1685 2583 1822 2633 aliquo

259 2645 429 2695 Magnae
455 2642 577 2681 Matri
603 2654 713 2682 sacro
740 2643 974 2681 credebatur
999 2644 1152 2693 epulari
1177 2644 1251 2688 dea
1275 2645 1316 2682 et
1334 2642 1513 2682 exaudiri
1532 2655 1691 2682 sonores
1716 2642 1823 2680 vide-

258 2704 406 2741 bantur
430 2702 679 2741 Baccharum
704 2701 999 2752 Gallorumque.
1062 2703 1204 2753 Itaque
1233 2703 1280 2741 de
1307 2702 1427 2740 simili
1451 2703 1588 2741 monte
1612 2701 1823 2753 regioneve

261 2762 507 2800 Baccharum
544 2762 658 2800 cultu
694 2760 842 2813 insigni
874 2761 1110 2800 Sallustium
1146 2763 1219 2801 hoc
1257 2762 1483 2813 fragmento
1522 2773 1604 2800 esse
1642 2761 1824 2799 loc-utum

260 2822 368 2858 haud
412 2821 605 2859 absonum
643 2832 724 2859 esse
762 2820 954 2859 existimo.
1016 2821 1149 2870 Atque
1192 2821 1272 2859 iam
1316 2820 1577 2871 intelligitur,
1622 2819 1711 2870 quis
1754 2819 1822 2857 ille

262 2880 396 2931 fuerit,
423 2879 574 2918 scilicet
592 2880 814 2930 Dindymus
839 2892 963 2930 1110118,
983 2879 1096 2918 0111118
1116 2880 1234 2919 tertio
1261 2879 1361 2918 libro
1388 2879 1429 2917 in
1449 2878 1671 2929 enarranda
1691 2877 1823 2929 Cyzici
