1976 3190
294 149 320 189 2
786 147 939 183 Sallusti
964 148 1213 184 Historiarum
1238 149 1302 185 lib.
1329 149 1355 185 I.

293 259 509 298 mortuum
527 255 613 297 iam
633 255 774 311 capite
793 256 921 299 tertio
940 260 1154 299 narratam
1175 272 1265 300 esse
1286 256 1628 299 existimaverim.
1675 255 1845 315 Agmen

293 327 494 368 claudunt
526 341 575 368 ea
612 326 740 381 primi
778 327 879 370 libri
915 328 1172 384 fragmenta,
1212 343 1320 383 quae
1359 324 1454 370 cum
1491 327 1845 383 interpretatione

293 400 475 452 careant,
507 412 592 452 quo
624 397 771 440 ordine
803 398 1065 454 disponenda
1096 399 1183 442 sint
1213 400 1442 442 obscurum
1475 401 1550 441 est.

928 673 1134 722 CAPUT
1172 674 1209 721 Ι.

760 776 1090 833 Prooemium,
1122 777 1187 822 fr.
1216 776 1383 821 1—18.

923 897 1218 951 Enarratio.’¹‘)

410 953 632 1009 Scriptoris
661 956 884 998 eoeordimn.

246 1030 267 1071 1
407 1025 584 1068 Initium
622 1026 806 1081 sumpsit
843 1025 1070 1069 SaHustius
1106 1041 1131 1068 a
1161 1026 1304 1069 verbis
1335 1024 1611 1084 fragmenti
1638 1028 1675 1070 1.
1734 1025 1846 1069 Dein

290 1096 530 1151 complures
567 1097 842 1152 appellantur
884 1097 1132 1154 scriptores,
1179 1097 1251 1153 qui
1293 1112 1360 1140 res
1395 1098 1610 1140 Romanas
1648 1097 1845 1154 bellaque

290 1167 431 1209 civilia
470 1168 698 1211 memoriae
742 1168 1026 1224 tradiderunt,
1063 1168 1107 1211 in
1150 1168 1246 1224 quis
1283 1169 1412 1211 etiam
1449 1167 1670 1212 Sisennam
1713 1168 1845 1211 fuisse

243 1243 270 1284 2
290 1237 364 1297 (fr.
391 1237 439 1296 2)
470 1239 558 1282 veri
591 1242 655 1282 est
687 1238 835 1282 simile.
895 1239 964 1282 Ex
994 1239 1063 1282 his
1089 1239 1300 1282 Fannium
1331 1239 1543 1295 imprimis
1573 1243 1616 1282 et
1642 1239 1847 1282 Catonem

243 1314 270 1356 3
290 1310 374 1352 sibi
411 1310 641 1353 imitandos
678 1326 723 1353 se
760 1311 1036 1366 proposuisse
1074 1313 1222 1354 auctor
1259 1312 1445 1353 affirmat
1481 1310 1557 1369 (fr.
1583 1309 1648 1368 3);
1687 1310 1847 1353 etenim

290 1381 394 1434 duas
430 1382 556 1424 hasce
594 1396 662 1424 res
693 1382 946 1437 scriptorem
984 1381 1276 1424 strenuissime
1314 1381 1434 1438 sequi
1472 1384 1688 1438 oportere,
1722 1384 1772 1424 ut
1803 1384 1846 1424 et

289 1467 417 1508 quam
449 1453 666 1495 verissime
698 1455 740 1495 et
766 1468 894 1509 quam
920 1453 1169 1495 brevissime
1200 1468 1268 1496 res
1294 1456 1471 1495 enarret.
1528 1452 1637 1496 Sane
1666 1456 1845 1509 utraque

287 1523 411 1566 laude
430 1524 643 1566 neminem
669 1539 759 1567 esse
785 1524 979 1581 dignum3
1006 1523 1179 1567 Catonis
1203 1524 1373 1580 quidem
1400 1524 1668 1580 brevitatem,
1691 1523 1845 1567 Fannii

241 1599 269 1640 4
288 1594 514 1637 veritatem
539 1610 629 1638 esse
654 1595 908 1638 laudandam
934 1594 1008 1653 (fr.
1029 1593 1089 1652 4),
1114 1598 1259 1638 tamen
1282 1611 1307 1638 a
1325 1610 1425 1638 vero
1451 1595 1622 1652 saepius
1642 1595 1845 1638 Catonem

242 1671 268 1712 5
289 1667 502 1710 deerrasse
535 1667 609 1726 (fr.
630 1666 677 1725 5)
710 1671 752 1710 et
782 1668 994 1710 Fannium
1025 1667 1138 1710 iusto
1171 1667 1355 1723 amplius
1389 1667 1517 1710 verba
1547 1666 1710 1710 fecisse.
1764 1665 1845 1709 Ita-

288 1753 369 1794 que
395 1738 440 1781 in
466 1739 688 1781 enarrandi
713 1742 804 1781 arte
825 1738 1040 1795 Catonem,
1065 1739 1110 1781 in
1134 1739 1327 1781 veritatis
1353 1739 1494 1781 studio
1519 1738 1729 1781 Fannium
1754 1753 1845 1781 sese

242 1813 268 1854 6
288 1813 532 1852 secuturum
562 1825 701 1866 neque
733 1810 820 1852 ulla
850 1825 896 1853 re
927 1826 952 1852 a
981 1825 1081 1852 vero
1115 1810 1323 1852 dimotum
1354 1825 1399 1853 se
1429 1809 1483 1852 iri
1514 1809 1591 1868 (fr.
1618 1808 1676 1870 6).

404 1881 517 1923 Dein
547 1881 734 1924 breviter
766 1881 816 1924 de
846 1882 908 1924 rei
930 1882 1120 1936 publicae
1150 1881 1366 1924 Romanae
1395 1885 1506 1924 statu
1536 1879 1764 1924 Sallustius
1795 1895 1845 1923 eo

222 1946 265 1997 ⁴7
288 1952 378 2009 egit
397 1953 586 2009 consilio,
613 1955 662 1995 ut
687 1956 731 1995 et
756 1953 966 2010 originem
986 1952 1260 1995 dissensionis
1286 1952 1424 1995 civilis
1449 1954 1683 2008 exponeret
1701 1951 1777 2010 (fr.
1799 1950 1845 2009 7)

288 2026 331 2065 et
345 2023 524 2080 doceret,
546 2039 629 2079 qua
648 2024 813 2073 ratione
831 2024 1064 2067 discordiae
1077 2023 1303 2079 paullatim
1316 2025 1464 2066 auctae
1479 2023 1565 2066 sint
1577 2022 1653 2081 (fr.
1667 2021 1844 2080 8—13).

286 2094 461 2137 Etenim
485 2095 583 2137 inde
608 2096 663 2137 ab
684 2096 791 2138 urbe
817 2095 987 2138 condita
1013 2110 1117 2151 opes
1142 2094 1309 2150 imperii
1330 2094 1513 2137 Romani
1535 2094 1674 2152 magis
1691 2093 1845 2151 magis-

287 2181 368 2221 que
388 2165 629 2223 increvisse,
653 2182 754 2209 mox
773 2170 914 2209 totum
933 2167 1020 2209 fere
1041 2167 1189 2209 orbem
1215 2181 1446 2221 omnesque
1471 2168 1622 2223 gentes
1640 2165 1844 2208 Romanis

105 2240 143 2296 8,
157 2240 196 2295 9,
214 2241 267 2282 10
288 2252 379 2279 esse
411 2237 626 2280 subiectas
657 2237 732 2295 (fr.
760 2237 936 2295 8—10).
999 2237 1091 2288 Qua
1119 2240 1376 2293 tempestate
1408 2252 1504 2280 cum
1534 2237 1645 2280 male
1676 2239 1844 2294 gereret

281 2323 365 2364 res,
392 2308 568 2364 optimis
593 2309 724 2352 fuisse
749 2309 942 2352 moribus
967 2309 1185 2351 civitatem
1211 2308 1480 2364 maximaque
1506 2307 1746 2364 concordia;
1771 2307 1845 2350 sed

404 2427 435 2471 ³⁸)
462 2425 674 2462 Sententias
699 2425 819 2471 primo
840 2425 964 2471 capite
984 2425 1184 2471 expositas,
1210 2437 1295 2461 cum
1313 2437 1336 2461 a
1356 2425 1488 2461 ceteris
1514 2436 1637 2461 rerum
1655 2423 1843 2470 scriptori-

286 2474 356 2509 bus
387 2474 500 2519 plane
527 2473 700 2509 destituti
732 2473 863 2519 simus
896 2484 915 2508 e
947 2473 1036 2508 solis
1068 2473 1289 2519 fragmentis
1324 2473 1458 2509 elicere
1489 2473 1664 2527 cogimur.
1719 2473 1843 2516 Atque

288 2521 487 2556 Sallustius
509 2521 730 2566 scriptorum
749 2520 812 2565 qui
831 2522 943 2556 antea
956 2520 1107 2556 fuerunt
1119 2521 1347 2556 mentionem
1359 2520 1502 2566 fecisse,
1521 2518 1704 2565 imprimis
1718 2521 1844 2556 autem

286 2569 471 2604 Fannium
502 2580 546 2604 ac
578 2568 758 2604 Catonem
786 2568 998 2603 nominasse
1029 2567 1195 2613 videtur·
1231 2580 1315 2603 cum
1344 2579 1431 2604 vero
1465 2567 1547 2603 loco
1579 2565 1763 2602 Victorini
1793 2566 1844 2620 ad

287 2616 329 2652 fr.
350 2621 373 2651 4
398 2617 515 2652 allato
536 2616 721 2652 efficiatur
747 2616 792 2651 de
820 2615 994 2651 ‘veritate
1019 2617 1155 2651 rerum’
1185 2617 1298 2660 atque
1324 2616 1370 2651 de
1398 2615 1598 2651 ‘brevitate
1621 2614 1776 2650 formae’
1803 2613 1843 2648 in

287 2664 482 2699 scribendo
509 2663 653 2699 auctori
679 2665 766 2698 ante
793 2663 917 2698 omnia
943 2663 1164 2708 appetendis
1192 2663 1411 2698 Sallustium
1435 2662 1567 2708 egisse,
1594 2672 1750 2707 cumque
1774 2661 1842 2696 illo

286 2711 367 2746 loco
394 2723 438 2747 ex
464 2713 622 2756 utraque
647 2711 759 2746 laude
785 2710 943 2746 alteram
962 2710 1117 2755 Fannio,
1144 2710 1277 2745 Catoni
1297 2710 1455 2745 alteram
1473 2709 1660 2755 tribuerit,
1686 2709 1843 2744 eandem

285 2759 382 2794 hanc
407 2770 485 2794 rem
512 2770 693 2794 summam
717 2758 832 2794 fuisse
858 2757 1002 2793 exordii
1027 2759 1214 2803 caputque
1232 2757 1453 2803 putaverim.
1497 2757 1603 2792 Hanc
1622 2756 1740 2802 igitur
1761 2767 1842 2792 sen-

284 2806 445 2841 tentiam
470 2818 709 2852 expressurus
741 2817 784 2842 eo
810 2817 883 2859 quo
904 2817 1014 2851 supra
1039 2817 1127 2840 usus
1154 2818 1235 2840 sum
1260 2816 1402 2841 conexu
1426 2805 1638 2858 fragmenta
1663 2803 1840 2850 disposui.

287 2853 389 2896 Quae
416 2856 590 2889 secuntur
615 2855 661 2889 de
688 2855 790 2889 statu
814 2852 869 2888 rei
893 2852 1068 2898 publicae
1093 2853 1284 2888 Romanae
1309 2852 1520 2899 stagmenta
1551 2851 1643 2887 satis
1673 2851 1768 2886 lucis
1798 2862 1843 2886 ex

284 2901 487 2946 Augustini
513 2901 605 2937 locis
631 2901 729 2936 infra
753 2901 919 2936 laudatis
945 2900 1145 2952 accipiunt.
