1976 3190
283 181 339 221 38
779 179 934 216 Sallusti
957 179 1207 216 Historiarum
1232 179 1297 216 lib.
1317 180 1345 216 I.

120 292 187 346 88,
208 291 263 332 89
283 304 315 330 c.
342 290 370 330 4
401 287 527 343 med,
565 301 648 342 quo
680 287 839 329 referas
875 287 931 330 fr.
958 289 1026 345 88,
1052 287 1139 346 89).
1200 287 1302 330 Mox
1340 302 1440 330 vero
1478 302 1574 330 cum
1605 286 1741 332 Cinna
1771 304 1839 332 ex-

284 359 434 414 pulsus
470 359 755 400 reverteretur
791 372 840 400 ac
877 361 1023 401 contra
1063 359 1260 402 Sullanos
1297 357 1473 400 immani
1511 357 1760 402 crudelitate
1795 359 1842 403 in

287 430 393 471 urbe
431 427 630 483 saeviret,
667 427 760 483 ipse
793 427 1019 486 Sertorius,
1060 429 1133 485 qui
1173 429 1227 471 ad
1257 428 1471 472 Marianos
1512 444 1556 472 se
1589 428 1840 488 applicaret,

209 502 265 543 90
285 499 403 542 omni
432 514 546 541 noxa
577 498 789 541 abstinuit
820 498 895 556 (fr.
922 498 1010 558 90).
1072 499 1155 542 Sed
1185 499 1370 542 triennio
1396 502 1496 555 post
1521 498 1701 558 (Exup.
1726 515 1768 556 p.
1793 498 1843 557 4)

286 569 506 612 <Norbano
545 571 588 611 et
619 569 818 624 Scipione
862 570 1122 625 consulibus,
1165 585 1262 612 cum
1307 585 1358 612 ex
1395 569 1501 612 Asia
1537 569 1656 613 Sulla
1697 572 1845 614 contre.

282 640 466 683 Marium
504 643 632 695 atque
669 640 899 683 factionem
935 640 1099 683 veniret
1130 640 1329 698 infestus,
1373 641 1529 684 timens
1569 643 1754 696 senatus,
1789 655 1844 684 ne

284 712 396 753 malo
428 710 604 766 publico
636 711 868 753 certamina
899 711 1012 754 inter
1042 712 1168 754 duces
1200 712 1425 767 orirentur,
1463 711 1616 755 statuit
1646 714 1696 754 ut
1731 725 1846 756 cura-

284 783 381 823 rent
412 781 618 837 consules,
649 796 702 823 ne
734 796 801 823 res
832 782 1007 837 publica
1038 781 1250 837 acciperet
1283 782 1596 825 detrimentum.
1646 781 1741 826 Hoc
1769 781 1848 825 ita-

285 867 366 908 que
399 854 572 894 senatus
604 851 798 894 consulto
825 851 1000 894 excitati
1026 852 1221 894 consules
1246 855 1393 894 contra
1417 852 1660 895 venientem
1684 851 1847 896 Sullam

284 926 413 978 atque
448 922 648 965 omnibus
680 922 860 964 exitium
890 922 1162 965 minitantem
1185 924 1404 977 praesidia
1433 924 1514 966 siba·
1544 923 1752 979 cuiusque
1776 938 1847 981 ge-

284 994 398 1036 neris
421 1008 580 1048 parare
604 995 837 1048 coeperunt
862 995 906 1035 et
931 994 1058 1036 duces
1083 994 1269 1050 idoneos,
1300 994 1353 1035 ad
1384 1009 1565 1049 quorum
1589 994 1844 1038 industriam

285 1065 521 1120 pertineret
559 1079 659 1106 cura
696 1064 925 1119 bellorum,
968 1064 1013 1106 in
1051 1065 1146 1120 quis
1185 1065 1350 1121 elegere
1382 1064 1628 1108 Sertorium.
1687 1065 1843 1108 Parate

285 1135 545 1178 validissimo
573 1134 762 1177 exercitu
787 1150 1030 1190 processere
1162 1135 1292 1177 Plut.
1325 1134 1448 1178 Sert.
1487 1151 1520 1179 0.
1547 1137 1592 1180 6:
1634 1134 1758 1187 τέλος
1796 1134 1846 1180 δὲ

286 1209 329 1248 et
383 1210 539 1250 vetante
593 1205 772 1249 Sertorio
833 1206 1033 1260 colloquia
1104 1207 1283 1257 Σύλλας
1307 1209 1527 1250 Σκιπίωνι
1551 1217 1847 1264 παραστρατο-
1908 1241 1917 1248 ,

286 1278 466 1320 eonsules
482 1277 763 1331 permiserant
777 1276 889 1318 inter
908 1291 1032 1318 suum
1103 1277 1318 1327 πεδεύσοες
1364 1276 1438 1320 καὶ
1487 1294 1520 1334 φ
1529 1295 1545 1320 ι
1553 1281 1578 1321 λ
1585 1294 1609 1321 ο
1618 1293 1651 1334 φ
1660 1293 1685 1334 ρ
1693 1293 1717 1321 ο
1725 1293 1753 1320 ν
1760 1293 1784 1320 ο
1791 1278 1820 1321 ύ
1827 1304 1846 1310 -

287 1351 329 1390 et
373 1347 515 1390 Sullae
561 1347 796 1389 exercitum
839 1352 877 1390 et
919 1349 1034 1402 facta
1105 1363 1259 1403 μενος
1305 1347 1365 1398 ὡς
1410 1349 1587 1403 εἰρήνης
1638 1346 1847 1404 ἐσομένης

279 1420 461 1473 proditio
498 1423 557 1461 est
590 1419 800 1472 omnisque
836 1419 1033 1461 exereitus
1105 1417 1382 1475 διέφθειρε
1441 1419 1495 1461 τὸ
1554 1419 1846 1475 στράτευμα

211 1492 263 1532 91
287 1489 428 1534 Sullae
459 1488 652 1532 traditur'
684 1488 757 1546 (fr.
784 1487 872 1545 91).
1104 1487 1189 1531 καὶ
1223 1495 1383 1532 ταῦτα
1419 1488 1691 1545 προλέγων
1722 1493 1847 1533 Σκι-
1919 1527 1922 1530 ,
1968 1473 1976 1487 *⁵

1103 1562 1259 1602 πίωνι
1295 1558 1380 1602 καὶ
1417 1559 1682 1603 διδάσκων
1717 1563 1847 1617 Σερ-

1102 1631 1168 1673 τώ
1181 1646 1295 1686 ριος
1326 1630 1407 1673 οὐκ
1437 1631 1599 1674 ἔπειθε.

410 1702 544 1744 <Tunc
576 1701 790 1744 Sertorius
828 1701 1059 1744 destitutus
1096 1703 1224 1757 atque
1263 1701 1379 1743 omni
1411 1701 1632 1756 copiarum
1660 1702 1848 1754 nudatus

291 1773 451 1815 auxilio
483 1773 528 1815 in
553 1772 772 1815 Etruriam
804 1772 999 1829 confugit
1030 1772 1136 1814 iram
1166 1771 1362 1814 metuens
1387 1771 1541 1827 Sullae,
1570 1787 1624 1814 ne
1656 1771 1849 1830 exigeret

289 1859 462 1901 gravem
488 1843 610 1899 quasi
636 1843 687 1885 de
713 1845 915 1898 superato
940 1843 1064 1886 hoste
1089 1842 1332 1885 vindictam.
1386 1842 1492 1885 Erat
1511 1845 1655 1885 autem
1672 1842 1849 1886 Etruria

289 1915 496 1957 fidissima
520 1914 719 1970 partibus
738 1914 932 1970 Mariani,
963 1913 1064 1969 quia
1094 1914 1147 1956 ab
1174 1913 1281 1969 ipsis
1306 1913 1544 1956 Romanam
1570 1928 1697 1970 quam
1722 1916 1848 1957 antea

290 2001 376 2028 non
406 1986 627 2027 habebant
659 1988 910 2040 acceperant
941 1984 1176 2042 civitatem,
1206 1985 1407 2027 timentes
1437 1984 1572 2041 igitur
1597 1984 1769 2028 Etrusci
1793 2000 1848 2028 ne

291 2056 545 2098 beneficium
582 2057 727 2098 tantae
765 2046 989 2111 dignitatis
1025 2069 1050 2096 a
1079 2054 1282 2097 Marianis
1319 2057 1542 2110 acceptum
1579 2054 1697 2098 Sulla
1731 2070 1847 2099 revo-

292 2130 417 2183 caret,
449 2127 484 2169 si
511 2128 705 2169 adversae
727 2130 871 2180 partes
901 2130 1031 2169 essent
1054 2129 1299 2181 amputatae,
1332 2125 1506 2181 penitus
1536 2126 1590 2169 ad
1614 2126 1849 2170 Sertorium

292 2213 336 2240 se
362 2200 493 2253 atque
519 2197 626 2239 alios
654 2197 842 2239 eiusdem
873 2197 1072 2239 factionis
1103 2197 1230 2239 duces
1255 2197 1528 2252 applicarunt
1554 2198 1708 2255 omnia,
1739 2213 1847 2254 quae

292 2269 616 2324 imperarentur,
642 2268 732 2310 sine
751 2267 1016 2310 recusatione
1036 2268 1339 2323 promittentes
1358 2283 1450 2311 sese
1474 2269 1679 2325 facturos3
1703 2269 1849 2326 itaque

292 2341 452 2385 factum
484 2342 548 2381 est
579 2342 629 2381 ut
665 2354 812 2381 rursus
843 2338 1112 2381 firmissimus
1150 2339 1431 2396 quadraginta
1469 2339 1710 2383 cohortium
1739 2355 1848 2383 com—

293 2412 539 2466 portaretur
581 2409 810 2465 exercitus3
852 2425 953 2452 nam
997 2412 1039 2451 et
1082 2410 1207 2452 multi
1250 2409 1410 2452 milites
1454 2410 1530 2465 qui
1573 2425 1618 2453 se
1659 2410 1848 2454 venienti

294 2481 435 2523 Sullae
466 2480 728 2523 tradiderant
759 2480 955 2522 frustrati
987 2481 1187 2523 omnibus
1218 2481 1272 2523 ad
1302 2481 1495 2536 priorum
1525 2481 1679 2524 ducum
1710 2484 1850 2524 castra

293 2553 559 2593 reverterunt
598 2566 705 2606 quae
749 2554 847 2593 ante
891 2551 1178 2606 prodiderant.
1211 2577 1266 2582 —
1297 2551 1414 2594 Inter
1455 2552 1560 2594 haec
1601 2551 1704 2595 facti
1747 2554 1848 2596 sunt

292 2622 453 2664 Marius
485 2625 527 2664 et
554 2621 691 2664 Carbo
724 2622 929 2679 consules3
960 2625 1062 2664 tunc
1088 2622 1301 2666 Sertorius
1330 2623 1512 2672 Romam
1542 2623 1659 2665 venit
1690 2625 1734 2665 et
1762 2638 1846 2666 om-

293 2693 413 2735 nium
439 2694 579 2749 coepit
604 2708 799 2735 accusare
831 2693 1070 2750 segnitiem,
1102 2694 1230 2736 etiam
1262 2709 1314 2736 ex
1339 2694 1487 2736 multis
1512 2693 1849 2749 promptissimis

293 2764 418 2806 factis
450 2764 592 2806 Sullae
630 2763 884 2806 industriam
920 2764 1208 2819 virtutemque
1245 2765 1435 2820 laudare,
1471 2766 1538 2806 cai
1573 2765 1659 2807 nisi
1689 2765 1848 2807 obviam

220 2836 276 2876 92
295 2835 423 2876 iretur
460 2833 533 2891 (fr.
561 2833 649 2892 92),
685 2838 820 2877 actam
855 2835 944 2876 iam
979 2849 1028 2876 ac
1058 2835 1297 2877 debellatam
1332 2837 1448 2890 foret.
1508 2835 1616 2877 Tum
1653 2835 1848 2878 consules

295 2905 598 2961 principesque
634 2905 707 2948 alii
747 2905 945 2948 factionis
981 2908 1103 2948 tanto
1143 2906 1372 2949 verborum
1410 2906 1598 2962 pondere
1637 2905 1849 2963 castigati,
1919 2904 1921 2906 ’
