1976 3190
635 156 918 202 Argumentum.
944 175 991 180 —
1016 153 1216 190 Enarratio
1238 159 1269 190 1.
1681 153 1738 195 59

5 265 11 282 ²
59 239 253 324 ,ἡ
269 264 450 311 Antonii
488 265 708 322 expeditio
745 266 961 318 narratur,
1005 266 1231 306 externum
1275 262 1623 320 quaternionis*)
1661 278 1741 318 par

20 350 27 365 ’»
54 322 296 387 &ne
326 337 569 381 affirmavit
625 336 696 381 Sic
718 335 861 394 igitur
896 350 965 378 res
995 335 1041 377 in
1073 335 1354 391 quaternione
1392 335 1467 378 illo
1505 334 1739 390 dispositae

31 403 133 466 ’Ῑ“ῖ’-·,ἕ.ῗ
138 411 258 457 Uno
287 409 525 524 videntur:I

47 466 67 475 ⁴‘
165 494 171 500 ·
205 517 211 527 .
247 499 253 515 ι
308 480 663 537 f01.1..(001
683 483 828 523 7—10
845 481 896 523 ed
912 479 1261 535 H‚fr.1187).·
1295 479 1399 522 beni
1425 478 1603 522 Isaurici
1629 479 1739 522 finis

278 553 395 596 .fol.
482 551 536 596 Π.
573 553 702 596 deest:
733 550 872 594 inerat
890 549 1137 593 Isaurorum
1163 550 1390 608 subiectio,
1415 554 1508 593 tum
1534 550 1743 593 transitur

575 623 630 666 ad
660 622 824 666 bellum
856 621 1162 665 Sertorianum.

309 697 395 740 fol.
462 695 536 740 ΠΙ.
573 695 664 752 (col.
689 698 871 746 11—12,
895 696 950 749 fir.
971 694 1033 737 II
1050 694 1270 750 92—93).
1295 709 1363 736 res
1390 654 1599 750 quaedam
1625 694 1742 737 bello

575 766 823 811 Sertoriano
854 768 1014 824 gestae.

202 854 215 866 Δ·
291 835 394 969 [fol.
464 838 537 883 IV.
574 876 741 918 desum:
772 853 841 881 res
866 837 1088 894 Hispanae
1113 836 1277 880 narrari
1303 840 1559 894 perguntur,
1588 837 1743 893 incipit

51 934 90 970 :3
244 919 245 923 ’
307 911 395 954 fol.
484 842 564 976 Vi
774 909 963 966 epistula
994 909 1204 965 Pompeii

53 991 84 1044 ξ
202 986 269 1035 'fg
307 982 393 1027 fol.
463 981 536 1025 VI
573 982 664 1038 (col.
691 985 879 1035 13—16,
909 983 965 1037 fr.
992 981 1054 1025 II
1071 982 1172 1037 959:
1210 980 1422 1037 epistulae
1454 981 1743 1038 Pompeianae

74 1063 82 1071 “
215 1079 218 1082 >
576 1069 678 1110 pars
709 1054 855 1097 altera.

239 1158 241 1162 ι
308 1125 394 1170 fel.
442 1124 539 1170 VII.
577 1127 705 1169 deest.-
743 1125 882 1168 inerat
919 1125 1038 1168 tertii
1074 1124 1178 1167 libri
1216 1099 1408 1182 initium,
1446 1124 1664 1168 Antonius
1700 1125 1746 1168 in

579 1197 818 1253 praedones
850 1197 1066 1253 proficisci
1097 1200 1307 1240 narratur.

309 1268 395 1312 fol.
419 1267 534 1312 vm.
572 1269 664 1325 (col.
696 1272 888 1322 17—18‚
927 1271 984 1324 fr.
1016 1269 1107 1318 III
1131 1270 1300 1326 5-6):
1343 1284 1412 1312 res
1453 1269 1508 1312 ab
1551 1268 1744 1322 Antonio

578 1343 739 1399 gestae.

819 1608 1027 1656 CAPUT
1067 1608 1101 1656 I.

236 1711 307 1757 De
338 1711 506 1768 Lepidi
537 1713 677 1757 exitu
708 1713 1006 1768 imperioque
1039 1711 1122 1758 Gn.
1148 1714 1383 1770 Pompeii,
1417 1714 1482 1758 fr.
1512 1713 1679 1760 1—22.

316 1812 428 1854 Inest
451 1813 500 1853 de
527 1813 609 1853 situ
635 1813 844 1853 Sardiniae
871 1813 1135 1865 Corsicaeque
1162 1827 1351 1854 excursus
1370 1815 1418 1854 fr.
1442 1817 1598 1855 1—11.

798 1928 1120 1987 Enarratio.**)

195 2078 197 2081 Ι
289 2010 538 2070 Antequam
575 2013 629 2056 ad
666 2013 832 2057 bellum
875 2029 901 2055 a
936 2013 1102 2070 Lepido
1141 2017 1290 2057 eontra
1327 2014 1542 2057 Triarium
1579 2015 1625 2057 in
1657 2015 1750 2058 Sar-

171 2082 289 2128 dinia
319 2088 570 2142 susceptum
595 2085 880 2128 enarrandum
905 2085 1086 2129 accessit
1111 2085 1353 2143 Sallustius,
1385 2086 1436 2129 de
1463 2086 1659 2129 Sardinia
1690 2086 1750 2129 in-

172 2155 267 2200 sula
297 2155 516 2214 copiosius
546 2157 639 2215 agit
670 2156 746 2216 (fr.
775 2155 832 2215 1).
1774 2168 1793 2209 1

280 2309 325 2356 ‘)
350 2309 482 2356 Neque
507 2321 596 2346 vero
622 2310 688 2346 ille
714 2286 826 2357 quem
857 2311 946 2347 dedi
978 2312 1070 2348 ordo
1095 2312 1322 2358 mutabitur,
1356 2312 1387 2347 si
1420 2312 1504 2357 quis
1533 2312 1751 2367 quinionem

129 2398 133 2406 1
174 2357 407 2442 mdaffiisoe
436 2358 608 2405 putabit,
644 2358 790 2395 scilieet
820 2371 888 2405 pro
920 2359 1023 2396 foliis
1055 2360 1219 2396 secundo
1252 2372 1297 2396 ae
1333 2360 1492 2406 septimo
1527 2360 1619 2396 bina
1653 2360 1749 2396 inse-

127 2410 129 2416 *
173 2416 242 2442 ren
317 2407 438 2443 erunt.

275 2453 327 2500 ”)
351 2449 577 2490 Sallustium
606 2453 647 2489 in
673 2454 870 2490 Sardiniae
897 2455 1144 2501 Corsicaeque
1177 2455 1430 2501 descriptione
1456 2456 1610 2491 Timaeo
1642 2467 1752 2491 usum

175 2511 258 2538 8888
282 2501 423 2538 collato
447 2501 647 2544 Pausania1
663 2501 698 2537 X
719 2505 762 2537 17
789 2502 904 2539 evicit
928 2503 1162 2549 Mullenhoff,
1189 2504 1369 2540 Deutsclae
1389 2503 1711 2540 Altertwmskunde
1730 2504 1757 2538 Ι

175 2549 243 2595 (od.
267 2551 349 2604 sec.)
372 2561 408 2596 p.
428 2552 511 2595 455,
543 2549 609 2595 qui
634 2549 736 2585 idem
761 2550 979 2587 acutissime
1009 2551 1139 2587 docuit
1165 2551 1337 2587 Sallustii
1362 2551 1619 2587 narrationem
1644 2551 1752 2587 resti-

16 2611 51 2646 1,-
174 2595 316 2633 tuturis
332 2599 485 2652 praesto
504 2597 614 2633 nobis
634 2608 715 2633 esse
735 2597 870 2634 Silium
888 2598 1064 2634 Italicum
1082 2599 1151 2634 XII
1170 2602 1370 2644 355—375‚
1392 2599 1561 2634 Solinum
1579 2599 1631 2634 IV
1649 2603 1740 2634 1—7

106 2662 109 2677 1
152 2642 363 2683 Indorum
386 2644 479 2700 orig.
506 2645 593 2681 XIV
612 2650 645 2691 6,
666 2649 818 2682 39—42.
867 2645 1050 2683 Ichnusae
1082 2649 1210 2683 autem
1241 2658 1378 2682 nomen
1404 2647 1505 2692 quod
1531 2628 1753 2682 Sallustiuni

175 2691 369 2730 1811811888
394 2675 678 2740 scimus‚ap1⁷1d
703 2693 870 2730 Plinium
893 2694 945 2730 111
964 2697 1010 2731 84
1036 2707 1060 2731 a
1084 2695 1168 2741 Myr
1170 2695 1241 2731 silo
1267 2694 1468 2730 oriundum
1493 2705 1574 2730 esse
1602 2694 1752 2740 dieitur,

178 2738 267 2776 dein
291 2739 506 2777 colonorum
529 2741 698 2777 ordinem
719 2741 868 2777 Solinus
892 2740 931 2787 (i.
953 2754 983 2779 e.
1006 2743 1221 2789 Sallustius)
1248 2742 1366 2778 alium
1384 2742 1503 2777 habet
1522 2744 1636 2787 atque
1656 2742 1753 2778 Pau-

177 2787 317 2834 unias,
342 2799 459 2834 quare
482 2788 587 2824 haud
606 2789 849 2825 abnuendum
874 2801 955 2826 esse
977 2792 1081 2836 puto,
1109 2790 1330 2827 Sallustium
1355 2812 1402 2816 —
1428 2790 1574 2825 duobus
1599 2784 1753 2835 quidem

177 2834 239 2872 1118
263 2836 311 2872 de
335 2836 447 2873 rebus
466 2857 514 2865 ·—
531 2838 683 2882 praeter
707 2835 902 2874 Timaeum
927 2838 1045 2874 etiam
1069 2838 1165 2874 alios
1192 2840 1382 2883 auctores,
1414 2838 1519 2873 velut
1544 2838 1628 2884 Myr
1630 2838 1753 2883 silum,

132 2909 136 2912 -
178 2882 409 2921 adhibuisse.
459 2883 615 2920 Minime
646 2895 736 2920 vero
767 2895 860 2931 opus
892 2887 966 2934 881,
1002 2887 1103 2933 quod
1134 2885 1362 2923 Mffilenhoff
1388 2886 1568 2935 putabat,
1582 2850 1753 2935 Myrsili

178 2940 316 2969 nomen
338 2931 455 2968 Plinii
480 2932 596 2969 errori
621 2932 799 2971 tribuere
