1916 3178
267 145 337 181 XII
901 147 1187 185 PRAEFATIO.

481 257 675 309 spectant
701 257 898 311 excerpta
923 271 1087 300 summa
1106 258 1365 300 liberalitate
1386 258 1672 314 eomitateque
1688 273 1827 316 neque

481 324 572 367 sine
608 340 765 382 magno
800 341 877 370 suo
909 327 1056 371 labore
1087 329 1194 371 mihi
1223 329 1415 372 tradidit.
1478 328 1571 380 Quo
1604 330 1825 386 splendido

479 395 560 438 viri
591 396 891 440 humanissimi
923 399 1130 442 beneficio
1155 400 1392 442 instructus
1423 415 1472 442 ea
1497 415 1605 456 quae
1631 415 1683 444 ex
1706 401 1828 445 seho-

479 467 552 509 liis
582 467 744 511 Lucani
779 469 935 512 hausta
972 473 1072 513 sunt
1108 471 1246 513 multo
1285 471 1572 514 emendatiora
1602 474 1731 528 atque
1761 487 1827 516 ae-

479 539 692 582 curatiora
735 540 914 583 edidisse
957 556 1024 584 me
1061 541 1332 584 vehementer
1369 556 1505 598 spero.
1538 567 1593 573 -—
1625 541 1825 586 Subsidia

477 610 522 652 in
552 610 818 653 recensendis
850 611 1202 655 adnotationibus
1233 615 1405 668 praesto
1433 613 1607 656 fuerunt
1631 612 1824 658 Usenero

477 683 645 735 praeter
675 681 935 725 Bernensem
967 681 998 724 O
1030 682 1175 726 haece:

536 751 594 793 W
625 752 1021 796 Wallersteinensis
1052 754 1125 796 lat.
1156 769 1196 796 n.
1223 756 1262 811 6,
1295 769 1400 797 saec.
1426 754 1477 797 X.

538 823 575 866 Gr
606 823 897 867 Bruxellensis
929 825 1045 867 5330
1077 822 1452 883 (Gemblacensis)‚
1483 839 1589 869 saec.
1613 825 1666 870 X.

535 894 575 936 V
588 895 807 938 Leidensis
821 895 946 939 Voss.
960 896 1111 953 lat.63‚
1132 911 1237 939 saec.
1250 896 1301 939 X.
1333 896 1564 939 Bernensis
1580 896 1824 941 acwaller-

606 967 832 1009 steinensis
857 967 1005 1023 plenas
1031 967 1341 1025 adnotationes,
1371 967 1418 1010 hi
1449 967 1612 1011 scholia
1641 967 1688 1011 in
1716 984 1825 1012 mar-

604 1038 704 1094 gine
731 1039 891 1094 scripta
913 1042 955 1081 et
978 1054 1029 1081 ex
1054 1039 1406 1082 adnotationibus
1428 1039 1583 1082 hausta
1608 1039 1821 1084 exhibent.

350 1107 539 1150 Donati
566 1109 620 1151 ad
639 1109 886 1152 Terentium
906 1111 1247 1168 commentarius,
1267 1111 1327 1153 ed.
1347 1110 1638 1154 Lindenbro
1646 1127 1677 1169 g
1690 1112 1822 1168 16233

473 1184 692 1235 praeterea
723 1181 940 1228 adhibitae
966 1185 1067 1224 sunt
1092 1182 1299 1225 editiones
1318 1181 1669 1226 Westerhovii
1696 1183 1822 1240 1726,

463 1251 522 1304 R.
543 1252 740 1295 Klotzii
761 1254 886 1296 1838.
907 1279 962 1283 —
984 1252 1100 1304 Quae
1125 1268 1222 1295 cum
1246 1253 1408 1296 nullius
1433 1253 1521 1296 fere
1545 1253 1672 1296 hodie
1694 1254 1821 1310 pretii

473 1326 628 1380 essent7
658 1323 945 1366 intercedente
979 1323 1022 1367 C.
1041 1323 1372 1366 Wachsmuthio
1406 1323 1450 1367 G.
1475 1323 1723 1367 Dziatzko
1754 1325 1822 1368 vir

471 1393 806 1437 humanissimus
839 1395 1091 1438 collationes
1123 1396 1384 1451 optimorum
1415 1395 1597 1438 duorum
1627 1395 1820 1438 codicum

471 1465 579 1507 mihi
591 1453 718 1523 deda,
730 1465 986 1508 oxoniensis
998 1464 1824 1523 6113111800(ο1.αηηαι.ρ1αοι.εηφι.Χ

463 1551 507 1590 p.
536 1535 652 1593 662),
683 1550 820 1591 neque
851 1538 1029 1593 rogatus
1055 1551 1080 1578 a
1104 1551 1172 1578 me
1199 1551 1282 1591 qua
1307 1538 1373 1578 est
1397 1526 1658 1579 liberalitate
1681 1535 1728 1579 in
1752 1551 1820 1580 ex-

469 1606 678 1661 plicandis
699 1606 881 1664 sing-ulis
896 1605 1140 1649 collationis
1153 1606 1261 1649 locis
1274 1606 1382 1649 mihi
1395 1606 1541 1650 defuit.
1575 1605 1685 1650 Sunt
1697 1607 1817 1651 libri:

604 1677 638 1720 Ο
670 1677 930 1720 Bodleianus
963 1693 1052 1720 can.
1083 1678 1156 1720 lat.
1184 1678 1252 1721 95.

599 1748 634 1790 Ρ
664 1748 886 1791 Parisinus
913 1749 1028 1792 7920
1060 1746 1154 1805 (qui
1184 1747 1358 1790 nonnisi
1389 1749 1740 1792 commentarium
1765 1750 1819 1792 ad

469 1819 676 1862 Andriam
726 1820 934 1876 seriptum
980 1818 1187 1877 praebet).
1239 1844 1298 1850 -—
1345 1819 1571 1863 Praeterea
1617 1823 1817 1864 monente

468 1891 693 1933 Dziatzkio
723 1906 777 1934 ne
807 1890 1090 1934 Dresdensem
1119 1890 1280 1933 librum
1311 1890 1570 1948 omitterem,
1609 1890 1661 1934 A.
1691 1890 1817 1934 Rich-

467 1965 607 2005 terum
626 1962 913 2005 bibliothecae
926 1961 1179 2004 Dresdensis
1199 1961 1418 2004 custodem
1434 1961 1531 2018 adii7
1551 1962 1626 2017 qui
1639 1965 1817 2005 comiter

467 2033 708 2089 quindecim
751 2034 838 2076 fere
881 2034 1000 2076 locos
1043 2033 1260 2091 graviores
1305 2033 1488 2075 contulit
1524 2032 1814 2089 lectionesque

466 2120 632 2147 mecum
664 2105 1004 2147 communicavit.
1065 2097 1158 2146 Est
1178 2104 1288 2146 liber

598 2176 636 2218 D
669 2176 923 2218 Dresdensis
953 2175 1025 2218 Dc
1059 2176 1155 2232 132,
1187 2190 1293 2217 saec.
1319 2174 1411 2218 XV.
1457 2172 1459 2175 ⁴

464 2246 616 2289 Adhoc
639 2262 963 2302 nonnumquam
981 2246 1210 2289 varietates
1228 2246 1462 2288 lectionum
1481 2245 1681 2291 editionis
1699 2245 1813 2302 prin-
1866 2260 1870 2263 ·

465 2318 572 2373 cipis
598 2334 632 2360 a.
656 2319 768 2361 1472
796 2316 996 2376 (Romae)
1026 2333 1077 2360 ex
1103 2317 1246 2359 codiee
1271 2316 1409 2359 adhuc
1433 2316 1583 2374 ignoto
1609 2316 1812 2360 oriundae

467 2404 492 2430 a
522 2404 589 2431 me
621 2390 777 2431 allatae
809 2391 920 2432 sunt.

341 2459 547 2502 Scholia
571 2460 805 2502 Bembini
831 2460 988 2502 codicis
1010 2459 1063 2502 ad
1081 2459 1340 2515 Terentium,
1362 2458 1423 2501 ed.
1442 2457 1810 2515 Umpfenbach,

463 2532 607 2575 Herm.
633 2530 675 2573 II
705 2547 745 2587 p.
767 2532 849 2574 337
885 2530 987 2588 (Die
1005 2530 1192 2575 Scholion
1222 2532 1290 2574 des
1321 2531 1441 2573 codex
1458 2529 1685 2572 Bembinus
1713 2543 1809 2573 zum

466 2601 708 2660 Terentius).

342 2674 554 2717 Scholia
584 2674 886 2716 Horatiana:

397 2745 771 2801 Porphyrionis
803 2744 1098 2800 commentarii
1124 2744 1171 2786 in
1194 2743 1436 2799 Horatium,
1467 2742 1528 2784 ed.
1548 2741 1617 2784 W.
1637 2742 1807 2798 Meyer

465 2818 590 2859 1874.

427 2887 472 2928 Μ
502 2886 772 2929 Monacensis
806 2887 901 2942 181,
933 2900 1038 2928 saec.
1064 2885 1114 2927 X.
