2034 3184
321 156 405 199 182
797 152 954 189 sanasti
977 152 1228 190 Historiarum
1252 129 1418 190 1ib.1vf

319 262 417 296 lineo
450 261 506 304 H,
542 271 638 304 quae
670 259 935 307 lintea'vulyo.
974 281 1017 286 ——
1055 260 1194 297 ferreas
1226 261 1403 308 laminas]
1436 261 1564 297 ferreis
1596 261 1749 298 laminis
1777 263 1879 300 codd.

320 307 506 354 (lamineis
532 308 592 353 A),
619 318 708 343 corr.
734 307 850 343 Thilo.

440 392 516 436 66.
590 390 682 442 Qui
726 371 1548 450 praegradiebantur,'equites
1591 394 1882 450 catafracti,

320 464 489 506 ferrea
520 462 654 505 omni
687 462 870 518 specie.

438 556 543 601 App.
595 555 659 601 (IV
679 559 724 590 5⁷
737 555 781 601 D,
809 559 852 591 16
866 555 910 601 Κ,
938 559 982 591 53
997 556 1039 601 G,
1065 557 1099 592 Π
1122 570 1158 603 p.
1185 560 1252 593 506
1266 557 1340 603 ΒΥ.)
1367 578 1412 583 -
1437 557 1581 593 Nonius
1600 557 1686 593 XIX
1709 570 1745 604 p.
1766 561 1846 594 556.
1874 560 1884 602 ψ

322 603 402 650 qui]
429 603 489 638 cui
515 604 603 648 (scil.
624 603 793 649 Tigrani)
819 604 911 639 corii.
938 604 982 640 L.
1009 604 1158 641 Miiller.
1186 626 1230 631 ——
1255 605 1634 653 praegradiebantur]
1664 606 1716 642 sic
1740 605 1886 650 Bamb.‚

321 651 682 697 praegrediebantur
699 652 775 687 rell.
795 652 895 687 codd.
918 672 961 676 ———
983 651 1099 698 omni]
1121 663 1246 687 omnes
1266 654 1357 688 coni.
1381 653 1493 697 Coler,
1518 653 1598 689 iwre
1615 657 1738 689 tuetwr
1754 652 1886 700 Jarqes

318 711 355 745 p.
377 701 425 734 12
449 699 579 735 collato
604 698 802 734 Ammia‘no
828 699 974 734 XXIV
986 701 1022 743 2,
1042 701 1107 735 42:
1135 699 1270 735 ‘ferrea
1295 699 1470 735 nimirum
1494 699 1601 736 facie⁷
1617 699 1744 736 omni?

442 769 607 810 Comm.
668 769 800 807 Minus
838 769 889 807 ad
924 769 1054 819 ipsam
1085 770 1268 820 equitum
1305 770 1627 822 descriptionem,
1670 770 1722 810 ad
1766 783 1887 822 quam
2023 798 2028 805 ·

322 830 567 868 rettulerunt
598 828 784 879 editores,
824 841 945 878 quam
983 829 1033 867 ad
1070 842 1249 880 pugnam
1280 829 1660 882 Tigranocertanam
1688 830 1886 880 pertinere
2022 851 2029 872 π

323 890 592 940 fragmentum
617 888 715 926 mihi
739 887 915 938 videtur,
947 889 987 926 et
1018 884 1164 927 scimus
1191 889 1345 939 equites
1371 889 1412 927 in
1438 889 1568 928 fronte
1593 889 1721 928 dextri
1745 901 1888 930 cornus

324 948 492 999 stetisse,
511 948 892 996 praeyradiebamur
910 947 1037 997 igitur
1057 947 1193 987 dextro
1214 948 1313 987 aciei
1331 948 1591 987 Armeniacae
1611 948 1766 1000 cornui,
1791 961 1888 1000 quo—

324 1007 457 1045 minus
490 1009 625 1045 autem
657 1006 699 1044 in
730 1005 860 1045 verbis
892 1006 1134 1055 explicandis
1165 1008 1374 1058 vulgatam
1406 1019 1620 1058 sequamur
1650 1007 1888 1059 opinionem,

324 1066 510 1116 prohibet
539 1066 629 1116 ipsa
659 1066 756 1104 haec
787 1078 863 1104 vox
894 1065 1040 1104 collato
1071 1066 1119 1104 fr.
1148 1067 1202 1105 64
1234 1066 1361 1106 initio.

445 1156 560 1211 67†.
610 1156 877 1212 Ruinaque
909 1171 1089 1212 magna
1119 1171 1239 1212 pars
1271 1157 1484 1200 suismet
1515 1161 1601 1200 aut
1631 1157 1890 1214 proximo-

326 1242 434 1270 rum
464 1227 605 1284 telis,
636 1227 795 1270 ceteri
826 1226 987 1270 vicem
1019 1242 1259 1283 pecorum
1291 1228 1750 1272 obtruncabantur.

446 1320 551 1366 App.
603 1321 650 1365 (II
669 1323 713 1355 52
727 1320 770 1366 D,
798 1323 842 1355 59
854 1320 898 1365 K,
926 1323 969 1355 53
981 1319 1024 1365 Gr,
1050 1320 1084 1355 H
1102 1332 1138 1366 p.
1161 1324 1204 1355 79
1224 1322 1263 1356 et
1283 1323 1349 1356 511
1362 1321 1436 1367 Br.)
1457 1343 1501 1348 —
1520 1321 1664 1357 Nonius
1683 1321 1736 1357 IX
1752 1334 1788 1368 p.
1809 1326 1890 1358 497.

328 1390 373 1395 -
403 1367 491 1404 hist.
524 1367 589 1404 lib.
616 1368 650 1403 II
681 1369 801 1412 codd„
832 1379 923 1404 corr.
955 1368 1000 1412 cf.
1029 1369 1333 1404 commentarium.
1366 1371 1377 1413 ΙΙ
1407 1369 1590 1414 ruinaque
1619 1380 1759 1415 magna
1787 1370 1892 1417 pars]

327 1415 510 1460 ruinaque
535 1427 622 1461 pars
647 1426 787 1461 magna
812 1416 926 1459 codd„
951 1426 1040 1452 corr.
1069 1415 1113 1451 L.
1136 1414 1286 1460 Miiller,
1310 1418 1497 1461 ruuntque
1521 1428 1609 1462 pars
1633 1427 1772 1463 magna
1792 1417 1894 1454 Goler

329 1465 480 1509 (magna
510 1474 597 1508 pars
629 1463 809 1508 Dietsch);
847 1467 938 1498 recte
971 1462 1173 1499 Mulierum
1205 1464 1393 1499 coniecisse
1423 1465 1562 1500 edoceri
1589 1465 1733 1500 videtur
1761 1465 1892 1512 fraym.

329 1511 591 1547 Aurelianensi
615 1511 666 1545 II
679 1512 741 1555 87,
767 1511 816 1555 Β,
836 1513 876 1545 1.·
910 1509 1106 1554 ‘ruinaque
1137 1510 1340 1554 multorum
1369 1510 1493 1546 fossae
1527 1511 1746 1565 semipletae
1777 1512 1890 1548 sunt.'

329 1580 376 1585 —-
401 1559 490 1594 Post
513 1557 600 1593 telis
625 1558 800 1594 eaecidisse
820 1558 1063 1603 participium
1086 1559 1272 1594 verbumve
1297 1558 1508 1604 (vulnerati,
1538 1561 1652 1605 caeei)
1677 1559 1828 1596 Dietsch
1851 1570 1895 1595 ac

331 1607 375 1642 L.
391 1606 532 1641 Mitller
550 1607 787 1642 coniecerwnt.
804 1626 847 1631 ——
861 1604 998 1651 vicem]
1018 1604 1099 1641 vice
1116 1605 1161 1650 G,
1179 1616 1269 1641 vece
1289 1606 1389 1650 LH,
1414 1607 1499 1642 vete
1518 1606 1662 1650 Bamb.,
1681 1617 1772 1643 corr.
1793 1606 1893 1643 Mer-

330 1655 420 1698 cier,
451 1665 669 1699 quamquam
696 1652 779 1688 vice
803 1653 857 1689 vel
882 1653 1015 1699 Dictys
1043 1653 1078 1688 V
1091 1655 1156 1688 13:
1191 1652 1260 1688 ‘ita
1286 1653 1542 1699 comprehensi
1661 1653 1894 1700 trepidantes

332 1713 376 1746 ac
407 1700 488 1736 vice
519 1711 695 1746 pecorum
726 1699 1021 1736 interficiuntur’
1055 1704 1088 1736 et
1118 1700 1340 1736 Lactantius
1371 1701 1467 1737 V10
1493 1703 1543 1746 (p.
1569 1703 1642 1737 430
1654 1701 1759 1746 Br.).-
1792 1701 1896 1736 ‘cum

331 1748 454 1793 vivos,
488 1759 580 1792 quos
611 1748 779 1783 habebat
809 1747 849 1782 in
873 1748 1079 1792 potestate,
1111 1747 1192 1783 vice
1217 1748 1403 1793 pecudum
1427 1748 1574 1784 iuberet
1598 1747 1739 1784 occidi'
1773 1749 1895 1796 leyisse

331 1797 522 1840 violentur,-
546 1795 667 1831 vicem
691 1796 818 1831 habuit
843 1795 990 1831 Nonius
1013 1796 1121 1841 idque
1146 1794 1372 1831 Sallustiano
1395 1797 1583 1842 respondet
1605 1796 1771 1832 seo-mni.

453 1866 618 1905 Comm.
685 1866 789 1919 Rem
824 1866 1048 1917 fragmento
1089 1867 1293 1904 narratam
1333 1868 1405 1904 aut
1446 1866 1488 1904 in
1529 1865 1787 1905 Chalcedonis
1828 1865 1894 1905 ob-

334 1924 485 1965 sidione
518 1925 706 1964 accidisse
738 1927 811 1964 aut
841 1938 932 1964 cum
963 1925 1148 1975 Appiano
1181 1938 1211 1964 c.
1242 1927 1292 1963 71
1327 1938 1563 1977 congruere,
1601 1937 1775 1975 quocum
1804 1937 1894 1965 con-

334 1985 432 2024 tulit
456 1985 668 2024 Debrossio
695 1986 857 2024 auctore
876 1984 1000 2035 Kritz,
1026 1985 1112 2023 iure
1138 1997 1209 2023 suo
1235 1985 1399 2036 negavit
1419 1984 1594 2024 Dietsch.
1645 1983 1722 2023 Sed
1747 1983 1896 2034 optime

337 2044 520 2084 Sallustii
549 2044 671 2084 verba
702 2057 794 2083 cum
818 2043 1026 2083 Plutarchi
1058 2044 1104 2082 de
1130 2043 1281 2094 proelio
1308 2043 1644 2095 Tigranocertano
1669 2042 1897 2083 narratione

336 2104 556 2144 consentire
588 2103 686 2142 mihi
717 2103 920 2154 videntur,
960 2116 1038 2153 quo
1073 2103 1275 2154 ingentem
1306 2103 1446 2154 fugam
1478 2104 1731 2154 stragemque
1761 2101 1896 2141 Arme-

337 2163 494 2202 niorum
525 2163 675 2201 factam
706 2174 790 2202 esse
822 2175 846 2201 a
880 2162 1066 2202 Romanis
1098 2163 1272 2212 constat3
1309 2164 1514 2212 praeterea
1552 2174 1639 2200 eam
1675 2161 1737 2200 his
1767 2161 1898 2201 verbis

322 2216 505 2261 ‘describi
535 2235 695 2273 pugnae
727 2221 923 2261 rationem
955 2221 1259 2272 animadvertas,
1292 2234 1372 2272 qua
1403 2221 1500 2260 adeo
1532 2220 1710 2260 conferta
1735 2221 1898 2271 altaque

338 2282 514 2320 militum
546 2281 650 2320 acies
682 2281 745 2333 sit,
777 2282 825 2319 ut
854 2281 976 2335 libere
1009 2281 1127 2319 armis
1157 2281 1220 2318 uti
1250 2282 1451 2331 nequeant
1482 2293 1606 2331 eoque
1637 2281 1679 2319 et
1708 2279 1786 2330 ipsi
1815 2282 1899 2319 sese

338 2342 549 2381 vulnerent
585 2342 626 2379 et
661 2340 711 2378 ab
747 2340 861 2379 hoste
901 2340 1018 2379 facile
1056 2339 1327 2379 concidantur.
1395 2339 1471 2378 Sed
1511 2339 1570 2378 ita
1607 2338 1900 2390 Tigranocertis

340 2401 493 2440 factum
530 2411 612 2439 esse
650 2399 812 2451 scimus,
850 2399 897 2438 cf.
930 2399 1062 2438 Mithr.
1096 2399 1210 2449 epist.
1238 2395 1304 2453 (fr
1333 2393 1425 2453 69):
1457 2395 1570 2448 ‘quia
1599 2397 1899 2437 multitudinem

342 2460 439 2499 artis
470 2459 567 2499 locis
598 2471 735 2510 pugna
765 2458 1019 2510 prohibuere,
1057 2458 1368 2508 imprudentiam
1403 2457 1587 2509 Tigranis
1623 2469 1695 2508 pro
1732 2456 1900 2504 victoria

342 2515 560 2559 ostentant'
566 2534 575 2568 3
605 2530 728 2568 quare
754 2531 801 2557 ex
826 2517 927 2557 libro
948 2517 1118 2557 secundo
1143 2518 1220 2557 huc
1245 2518 1515 2569 fragmentum
1538 2516 1751 2556 transferre
1777 2515 1899 2555 etiam

342 2579 517 2618 adversis
547 2577 670 2617 Nonii
701 2577 899 2616 codicibus
930 2590 1009 2616 non
1040 2577 1191 2616 dubito.

461 2668 539 2714 68.
599 2667 795 2710 Anxius
826 2667 979 2710 animi
1011 2671 1163 2723 atque
1195 2667 1434 2710 incertus,

462 2762 567 2808 App.
590 2737 682 2806 TW
703 2764 745 2796 72
758 2761 802 2806 D,
830 2763 874 2796 75
888 2760 931 2805 Κ,
959 2764 1002 2796 62
1017 2759 1059 2806 Gr,
1086 2761 1103 2796 I
1126 2773 1161 2806 p.
1181 2764 1250 2796 446
1263 2760 1338 2805 ΒΥ.)
1364 2781 1408 2787 -
1434 2759 1539 2795 Arus.
1565 2771 1601 2805 p.
1621 2762 1700 2795 456.

464 2838 628 2878 Oomm.
680 2837 897 2888 Aptiorem,
924 2836 974 2876 ad
994 2850 1112 2887 quem
1137 2838 1314 2887 spectare
1334 2837 1408 2876 hoc
1425 2836 1695 2887 fragmentum
1718 2834 1902 2885 iudicem,

348 2911 469 2949 quam
507 2898 719 2949 Tigranem
756 2896 904 2948 nescio,
942 2896 990 2935 cf.
1028 2896 1134 2935 Plut.
1166 2909 1197 2935 c.
1232 2897 1303 2935 29:
1348 2888 1645 2949 (Μιθριδάτης)
1689 2891 1816 2946 εὑρὼν
1860 2890 1902 2933 δὲ
