1976 3190
752 173 980 218 Fragmenta
1005 175 1157 209 55—57.
1680 171 1735 213 27

162 282 330 328 indidit.
396 283 551 340 Neque
582 282 708 326 aliter
749 297 840 325 rem
880 281 1102 338 publicam
1142 284 1186 324 et
1227 281 1331 324 belli
1372 282 1502 323 finem
1540 280 1614 337 ait,
1653 279 1737 322 nisi

163 358 335 400 maneat
371 355 552 413 expulsa
595 349 712 412 agris
745 353 919 411 plebes,
962 352 1121 409 praeda
1159 353 1296 396 civilis
1334 352 1628 409 acerbissima,
1670 352 1738 394 ius

162 426 455 484 iudiciumque
480 426 675 470 omnium
699 440 841 468 rerum
867 440 1000 481 penes
1026 440 1083 481 se,
1113 425 1228 480 quod
1254 424 1407 480 populi
1432 423 1616 467 Romani
1642 423 1737 466 fuit.

163 498 280 551 Quae
312 498 349 542 si
380 498 507 542 vobis
537 513 624 555 pax
655 499 699 540 et
729 496 972 552 composita
1003 495 1329 552 intelleguntur,
1366 495 1554 538 maxima
1591 495 1738 537 turba·
1759 508 1803 539 25

163 571 310 613 menta
339 569 402 612 rei
434 569 635 626 publicae
673 571 802 625 atque
835 567 968 610 exitia
1005 567 1208 623 probate,
1246 567 1421 609 adnuite
1458 567 1632 624 legibus
1663 567 1739 609 im-

163 641 332 698 positis,
357 641 541 698 accipite
561 641 699 684 otium
718 655 816 683 cum
836 639 1012 682 servitio
1033 642 1076 681 et
1095 638 1252 681 tradite
1279 638 1526 694 exemplum
1552 638 1739 694 posteris

163 713 218 756 ad
246 727 339 756 rem
370 712 591 769 publicam
622 711 780 755 suimet
812 710 1035 768 sanguinis
1072 704 1266 753 mercede
1307 710 1739 752 circumveniendam!

162 784 272 828 Mihi
304 799 565 840 quamquam
595 798 675 840 per
711 783 794 826 hoc
831 798 1048 826 summum
1085 782 1318 838 imperium
1349 782 1455 825 satis
1495 782 1739 838 quaesitum
1760 794 1804 826 26

163 859 257 900 erat
285 855 451 899 nomini
482 855 712 911 maiorum,
750 854 954 911 dignitati
992 857 1123 910 atque
1155 853 1285 896 etiam
1324 853 1558 910 praesidio,
1595 856 1740 895 tamen

161 943 251 972 non
274 927 360 971 fuit
384 927 614 971 consilium
638 927 830 983 privatas
857 941 962 982 opes
987 926 1139 983 facere,
1164 925 1395 982 potiorque
1421 925 1513 968 visa
1539 928 1605 968 est
1630 925 1741 980 peri-

165 999 312 1050 culosa
341 998 524 1042 libertas
555 999 702 1055 quieto
740 998 929 1041 servitio.
991 997 1107 1049 Quae
1140 997 1176 1039 si
1209 997 1420 1054 probatis,
1451 997 1609 1053 adeste,
1642 996 1740 1047 Qui·
1762 1010 1804 1042 27

164 1072 282 1129 rites,
319 1074 363 1115 et
394 1071 505 1115 bene
542 1070 794 1113 iuvantibus
831 1069 940 1112 divis
970 1069 1027 1112 M.
1058 1068 1294 1111 Aemilium
1332 1069 1552 1112 consulem
1589 1068 1740 1111 ducem

168 1146 213 1187 et
243 1145 463 1187 auctorem
494 1141 725 1198 sequimini
757 1142 811 1184 ad
841 1141 1133 1198 recipiendam
1164 1140 1430 1183 libertatem!

165 1249 280 1297 facti]
317 1248 521 1296 patefactis
558 1249 652 1284 coni.
686 1248 832 1294 Mthy.
870 1268 917 1273 ——
951 1252 1034 1292 post
1076 1247 1349 1292 rempublicam
1391 1248 1559 1283 inserunt
1596 1246 1742 1280 firmam

165 1297 327 1342 Dietsch,
353 1297 499 1333 salvam
524 1296 670 1333 Scho‘ne.
699 1317 743 1322 —
765 1300 850 1341 post
875 1294 1120 1331 acerbissima
1147 1296 1319 1331 lacunam
1343 1296 1475 1331 statuit
1499 1295 1660 1330 Dietsch.

285 1349 341 1382 25.
367 1344 548 1399 maxima]
567 1355 744 1379 maxuma
771 1344 810 1379 V.
834 1365 878 1369 —
898 1342 1280 1390 circumveniendam]
1308 1342 1679 1378 circumveniundam
1700 1342 1739 1378 V.

167 1440 218 1476 Μ
285 1396 342 1430 26.
373 1391 581 1440 praesidio]
618 1391 775 1438 praedio
809 1392 857 1436 V,
896 1390 1097 1437 dignitatis
1129 1392 1244 1436 atque
1282 1391 1400 1427 etiam
1432 1389 1615 1436 praesidii
1646 1391 1739 1426 coni.

1252 1489 1280 1496 ψ

287 1537 397 1583 56*.
458 1537 554 1581 Sed
585 1537 673 1580 ubi
710 1539 939 1593 tempore
978 1536 1095 1578 anni
1132 1551 1267 1578 mare
1305 1535 1563 1578 classibus
1601 1538 1741 1591 pate-

166 1610 358 1652 factum
389 1611 476 1652 est.

167 1764 219 1800 ad
242 1715 533 1799 AApp.l4gInc.
557 1718 605 1750 45
615 1715 660 1762 D,
687 1718 730 1750 11
746 1715 790 1761 K,
816 1715 867 1750 IV
885 1718 932 1750 40
944 1714 987 1760 G,
1013 1714 1047 1749 H
1065 1726 1100 1760 p.
1123 1717 1191 1749 572
1206 1713 1282 1760 Br.)
1296 1735 1340 1740 —
1356 1713 1457 1749 Serv.
1482 1713 1611 1759 (schol.
1632 1713 1742 1758 Dan.)

277 1775 335 1800 en.
470 1792 478 1799 .

286 1839 454 1881 Gomm.
509 1840 570 1880 De
601 1840 852 1892 expeditione
884 1840 1090 1879 maritima
1121 1839 1261 1890 aliqua
1291 1839 1389 1878 haec
1418 1838 1526 1878 dicta
1552 1850 1636 1877 esse
1662 1851 1742 1876 cer-

166 1901 256 1940 tum
286 1901 358 1953 est,
390 1900 460 1940 sed
490 1913 691 1951 quaenam
715 1900 942 1952 significata
967 1900 1020 1940 sit
1045 1913 1117 1950 pro
1144 1900 1251 1939 certo
1278 1898 1472 1938 affirmari
1497 1911 1578 1937 non
1597 1899 1740 1948 potest.

167 1959 271 2000 Cum
297 1973 394 2000 vero
426 1960 474 1999 de
505 1973 554 1999 ea
579 1960 829 2011 expeditione
856 1960 924 2012 agi
954 1960 1151 2011 videatur,
1185 1972 1288 2010 quae
1319 1959 1449 2009 primo
1482 1958 1621 1996 statim
1653 1970 1744 1996 vere

167 2022 355 2071 suscepta
386 2019 450 2072 sit,
489 2020 598 2071 quod
629 2019 679 2058 ad
710 2020 818 2059 bella
853 2019 1026 2070 piratica
1056 2019 1234 2058 Antonio
1273 2020 1314 2058 et
1344 2018 1536 2068 Pompeio
1577 2017 1744 2056 ducibus

167 2081 293 2132 gesta,
331 2079 467 2131 quoad
498 2079 662 2131 quidem
691 2092 764 2119 nos
796 2079 960 2131 scimus,
998 2079 1131 2118 minus
1165 2079 1363 2130 quadrare
1395 2079 1479 2117 veri
1511 2077 1640 2117 simile
1672 2079 1743 2128 est,

168 2138 220 2179 ad
251 2138 411 2180 Servilii
441 2138 594 2179 bellum
624 2139 747 2179 verba
779 2139 965 2179 Sallustii
995 2139 1203 2178 referenda
1233 2139 1433 2178 videntur.

288 2242 366 2288 57.
425 2242 552 2287 Nam
594 2242 768 2286 Sullae
812 2242 1218 2286 dominationem
1263 2241 1407 2298 queri
1450 2256 1553 2284 non
1597 2241 1746 2283 aude-

168 2315 360 2358 bat....
387 2329 485 2371 qua
515 2314 618 2357 fuit
650 2314 895 2358 offensus.

288 2420 394 2468 App.
439 2420 952 2467 (1n0.82D‚inc.48—49K,
979 2421 996 2456 Ι
1015 2419 1209 2466 35-366,
1228 2420 1244 2455 Ι
1263 2433 1298 2466 p.
1319 2424 1400 2465 338,
1422 2423 1502 2464 375,
1524 2419 1678 2463 333111.)
1701 2440 1744 2444 -

168 2468 277 2505 Arus.
296 2481 333 2515 p.
354 2472 440 2505 504:
470 2468 559 2504 ‘Sal.
580 2468 668 2505 hist.
689 2469 722 2505 I:
748 2468 848 2504 Nam
868 2498 875 2504 .
892 2498 899 2504 .
916 2498 922 2504 .
940 2498 946 2504 .
969 2468 1161 2504 audebat?
1191 2490 1235 2494 —
1262 2468 1397 2504 Donat.
1423 2468 1473 2503 ad
1493 2468 1573 2503 Ter.
1596 2467 1743 2501 Phorm.

167 2516 203 2552 Π
221 2520 262 2562 3,
282 2520 344 2554 24:
379 2514 582 2558 Ἀπόδοσις.
636 2516 798 2560 ‘Quam'
827 2516 928 2552 enim
960 2528 1073 2562 supra
1104 2516 1298 2552 revocavit
1301 2545 1427 2552 .....
1467 2516 1516 2550 Et
1542 2514 1744 2550 Sallustius

170 2564 275 2600 ‘nam
299 2593 308 2601 .
324 2593 332 2602 .
348 2594 379 2601 ..
407 2564 589 2600 audebat’
618 2566 657 2601 et
681 2564 916 2609 interpositis
942 2564 1172 2609 quibusdam
1199 2564 1289 2608 ‘qua
1412 2563 1589 2599 offensus'
1638 2563 1746 2606 (deest

168 2613 212 2648 in
238 2612 293 2658 0).
324 2614 337 2659 ΙΙ
367 2612 474 2658 (111611
498 2613 590 2659 11011]
621 2624 689 2649 om.
718 2613 902 2648 Donatus.
936 2633 981 2638 -—
1013 2624 1088 2657 qna
1119 2611 1194 2647 fuit
1225 2611 1419 2658 offensus'J·
1438 2622 1558 2655 neque
1593 2609 1693 2645 enim
1719 2609 1743 2646 f.

169 2658 352 2696 offensum
377 2659 635 2696 dominatione
656 2659 782 2705 Syllae
805 2660 856 2704 D,
881 2670 1003 2704 neque
1029 2661 1087 2695 est
1112 2659 1274 2695 offensus
1299 2659 1597 2694 dominationem
1618 2657 1745 2693 Sullae

168 2707 277 2755 vulyo
300 2709 344 2744 in
368 2708 531 2753 Donato,
557 2720 632 2753 qua
658 2707 820 2744 offensu·
846 2709 1007 2744 restituit
1032 2709 1107 2743 iam
1128 2708 1215 2744 Keil
1233 2708 1432 2744 secundum
1451 2707 1560 2743 verba
1580 2706 1726 2741 Donati
1732 2720 1745 2750 ;

169 2767 214 2792 ac
239 2766 340 2792 voces
363 2767 486 2801 neque
515 2756 617 2792 enim
642 2761 674 2792 et
704 2755 1001 2792 dominationem
1028 2755 1155 2791 Sullae
1186 2756 1456 2802 dittoyraphias
1484 2765 1555 2789 esse
1581 2765 1598 2788 e
1622 2754 1746 2799 priore

169 2805 356 2841 enwntiati
375 2808 483 2850 parte
508 2805 551 2840 in
575 2805 787 2849 inferiorem
811 2805 937 2840 illatas
957 2807 1073 2849 patet,
1102 2802 1176 2838 fuit
1197 2814 1268 2848 pro
1294 2804 1357 2838 illo
1382 2802 1407 2838 f.
1435 2802 1581 2838 Donati
1604 2802 1745 2847 scripsi.

289 2879 455 2920 Comm.
518 2881 581 2920 Ad
614 2881 860 2933 Pompeium,
892 2894 1013 2931 quem
1043 2881 1196 2920 dietum
1227 2891 1311 2919 esse
1344 2880 1507 2918 auctore
1531 2878 1747 2918 Debrossio

170 2940 325 2992 accepit
359 2940 490 2994 Kritz,
534 2941 697 2980 minime
739 2941 837 2980 haec
875 2941 1077 2992 quadrant
1113 2954 1242 2991 neque
1280 2939 1410 2992 magis
1448 2939 1499 2978 ad
1535 2938 1744 2990 Lepidum,
