2034 3184
331 139 415 180 214
975 135 1172 181 Appendjx
1197 137 1240 173 II.

330 246 576 288 memoriam
597 247 774 288 constat.
825 231 940 295 Quae
966 259 990 286 a
1009 244 1299 302 grammaticis
1323 246 1692 302 scriptoribusque
1716 247 1888 292 laudata

331 320 430 359 sunt
454 316 731 358 historiarum
751 316 1003 373 fragmenta,
1029 330 1175 358 eorum
1194 317 1381 373 genuina
1400 317 1614 360 scribendi
1633 317 1742 361 ratio
1766 318 1888 364 raris-

331 388 436 429 sime
467 390 636 428 tantum
667 386 919 443 investigari
948 389 1105 444 potest,
1136 388 1298 443 quippe
1331 403 1438 444 quae
1464 404 1488 430 a
1513 389 1889 446 grammaticorum

329 459 459 514 longa
490 458 564 499 illa
589 458 709 512 serie,
739 473 818 513 per
843 473 1023 513 quorum
1048 473 1199 501 manus
1224 459 1493 515 calamosque
1517 459 1615 503 inde
1640 461 1695 503 ab
1721 459 1889 518 Aspero

330 529 382 571 ad
413 529 600 571 medium
632 543 781 571 aevum
812 529 1053 585 fragmenta
1083 529 1362 585 transierunt,
1398 529 1526 585 plane
1563 531 1792 575 obscurata
1821 531 1890 575 sit.

448 599 531 642 Sed
563 615 746 655 quanam
776 614 855 642 nos
886 600 951 642 uti
982 603 1180 655 oporteat
1211 600 1425 643 scribendi
1457 601 1622 644 ratione
1654 601 1889 658 quaeritur!

330 671 473 727 Atque
514 672 766 727 plerumque
810 671 1161 727 acquiescendum
1203 672 1330 715 nobis
1375 687 1466 714 esse
1511 672 1557 715 in
1599 673 1776 731 vulgata
1815 673 1892 717 illa

331 743 641 799 orthographia
676 758 755 798 per
791 743 964 785 secundi
1001 743 1158 785 saeculi
1195 743 1309 786 viros
1346 744 1493 786 doctos
1530 744 1764 787 constituta¹
1798 745 1891 788 iure
1936 780 1938 782 v

332 829 408 856 suo
427 814 596 856 Ritschl
619 830 667 857 ac
685 814 926 857 Brambach
946 814 1224 856 defenderunt
1232 813 1294 872 *);
1319 817 1509 857 attamen
1533 816 1588 857 ab
1614 815 1694 859 hac
1716 816 1890 860 secundi

332 885 489 927 saeculi
520 886 724 928 memoria
755 885 938 941 profecti
965 885 1094 927 etiam
1125 885 1254 928 altius
1285 886 1337 928 ad
1365 886 1502 941 ipsius
1533 886 1756 943 scriptoris
1780 890 1890 931 aeta-

331 959 420 999 tem
451 958 675 1000 ascendere
703 957 949 999 studeamus
974 971 1125 999 moneo
1159 959 1287 1012 atque
1312 957 1473 1013 hortor,
1504 957 1760 1015 illorumque
1787 962 1891 1006 tenir

332 1044 486 1084 porum
506 1028 719 1071 scribendi
739 1028 950 1070 rationem
970 1043 1021 1070 ex
1042 1027 1397 1083 inscriptionibus
1423 1028 1652 1084 praecipue
1674 1030 1892 1087 cognitam

332 1100 620 1156 restituamus,
645 1099 732 1141 illis
752 1099 926 1155 scilicet,
953 1113 1057 1153 quas
1076 1099 1202 1141 modo
1218 1099 1400 1156 laudavi,
1418 1099 1501 1142 nisi
1521 1099 1679 1155 opibus
1699 1101 1894 1157 quamvis

333 1171 536 1213 tenuibus
579 1173 723 1212 tamen
765 1170 879 1212 haud
923 1169 1189 1226 spernendis3
1239 1173 1282 1212 at
1331 1170 1469 1225 ipsius
1515 1171 1701 1214 auctoris
1750 1172 1892 1216 ortho-

333 1242 515 1299 graphia
552 1241 690 1298 qualis
727 1241 857 1283 fuerit
894 1255 942 1283 ac
980 1243 1244 1296 quantopere
1282 1241 1336 1283 ab
1375 1241 1617 1297 aequalium
1659 1243 1892 1299 recesserit,

333 1314 548 1356 rarissime
591 1313 658 1355 vel
701 1327 935 1368 numquam
975 1313 1064 1354 fere
1090 1312 1302 1369 detegere
1338 1313 1466 1355 nobis
1509 1313 1740 1371 continget.
1802 1313 1894 1358 Sal-

334 1385 454 1428 lustii
486 1385 621 1441 igitur
659 1384 861 1426 historias
893 1383 1071 1425 edituris
1102 1383 1402 1438 inquirendum
1434 1386 1516 1440 est,
1555 1384 1695 1427 sintne
1725 1384 1771 1427 in
1801 1384 1894 1428 reli-

336 1456 447 1512 quiis
490 1456 649 1498 nostris
699 1455 899 1511 vestigia,
948 1455 994 1497 in
1043 1455 1200 1510 quibus
1250 1455 1342 1497 aevi
1386 1455 1634 1498 Sallustiani
1680 1455 1895 1499 scribendi

336 1527 545 1569 rationem
571 1541 864 1584 agnoscamus,
895 1541 949 1568 an
981 1526 1136 1582 desint3
1170 1526 1236 1568 sin
1262 1526 1406 1569 deesse
1438 1542 1488 1569 ea
1517 1526 1790 1570 iudicandum
1819 1529 1897 1582 est,

337 1598 503 1641 cautius
529 1613 619 1640 esse
643 1597 883 1653 putaverim
901 1597 1099 1654 vulgatas
1125 1597 1409 1653 omnibusque
1435 1598 1523 1640 fere
1548 1598 1594 1640 in
1613 1597 1896 1654 scriptoribus

336 1673 531 1726 receptas
570 1670 726 1712 formas
764 1669 901 1725 sequi3
938 1668 1112 1710 minime
1143 1683 1243 1711 vero
1276 1684 1297 1710 e
1329 1669 1508 1711 libidine
1538 1671 1685 1712 nostra
1715 1669 1895 1713 archais-

337 1757 430 1784 mos
472 1742 634 1798 fingere
671 1739 959 1796 Sallustioque
1002 1740 1215 1782 vindicare
1258 1739 1385 1782 nobis
1427 1740 1540 1782 licet.
1608 1737 1806 1783 Ceterum
1842 1740 1894 1783 ad

339 1812 492 1855 aetatis
518 1811 799 1854 Sallustianae
831 1811 1046 1853 scribendi
1077 1811 1287 1853 rationem
1317 1810 1624 1853 restituendam
1655 1810 1896 1867 complures

339 1884 494 1926 adsunt
513 1882 831 1938 inscriptiones3
850 1885 1045 1937 tempore
1066 1882 1237 1937 quidem
1256 1881 1451 1937 proxime
1471 1882 1675 1924 accedunt
1693 1881 1897 1925 historiae

340 1955 392 1996 ad
422 1955 562 2011 legem
587 1953 740 1996 Iuliam
765 1951 1145 2011 municipalemssss)
1172 1968 1281 1995 anno
1307 1953 1365 1995 45
1390 1953 1539 2008 latam3
1570 1952 1644 1995 sed
1668 1953 1898 2009 scriptores

340 2026 562 2082 paululum
606 2024 895 2080 provectiores
939 2024 1070 2066 fuisse
1113 2024 1332 2079 lapidibus
1370 2023 1499 2066 etiam
1534 2023 1652 2066 hisce
1688 2023 1734 2067 in
1769 2025 1900 2068 rebus

341 2097 520 2152 putandi
541 2099 658 2139 sunt:
683 2096 870 2138 medium
890 2095 1024 2153 igitur
1042 2096 1131 2138 fere
1150 2096 1291 2138 locum
1309 2095 1512 2138 historiae
1538 2098 1683 2138 tenere
1701 2096 1906 2139 videntur

341 2169 453 2210 inter
485 2168 675 2210 Caesaris
707 2170 838 2222 atque
868 2166 1093 2223 Augustea
1124 2170 1330 2222 tempora.

460 2239 542 2281 Sed
561 2239 687 2280 nimis
707 2238 905 2293 iustoque
925 2238 1110 2293 amplius
1135 2239 1376 2293 praefatum
1400 2253 1468 2280 me
1488 2253 1579 2280 esse
1603 2230 1691 2281 n‘on
1710 2239 1900 2296 deerunt,

344 2311 415 2366 qui
448 2310 729 2365 conclame11t3
760 2310 903 2365 itaque
935 2310 988 2351 ad
1018 2309 1186 2366 singula
1216 2324 1330 2352 nunc
1360 2309 1616 2352 accedamus.

464 2404 506 2449 1.
555 2405 625 2447 De
652 2421 679 2446 u
704 2404 867 2446 vocali
893 2405 943 2446 in
970 2403 1302 2459 superlativis
1331 2404 1690 2461 similibusque
1714 2405 1894 2448 formis

343 2480 479 2520 recte
511 2476 808 2518 adhibendo.

461 2548 659 2591 Editores
695 2549 907 2589 nostrates
945 2562 1112 2602 semper
1147 2547 1305 2589 formas
1341 2547 1386 2589 in
1422 2561 1558 2590 dumus
1594 2550 1797 2591 exeuntes
1827 2548 1895 2590 ad-

344 2621 578 2663 hibuerunt
610 2620 702 2680 ‘nec
733 2632 935 2673 umquam
966 2618 1113 2660 formis
1144 2633 1222 2673 per
1246 2618 1260 2660 i
1286 2618 1472 2674 scriptis'
1498 2618 1746 2661 Sallustium
1771 2634 1895 2662 usum

463 2749 493 2795 ²⁸)
526 2748 578 2784 Cf.
612 2747 859 2791 Schuchardt,
893 2747 1144 2792 Vulgyarlatein
1167 2747 1185 2781 Ι
1214 2759 1249 2792 p.
1272 2751 1332 2783 16:
1370 2747 1473 2792 ‘Man
1508 2747 1695 2783 verzichte
1731 2747 1793 2783 bei
1829 2748 1896 2783 der

346 2796 587 2842 Herausgabe
606 2795 809 2830 romischer
828 2793 1094 2829 Schriftsteller
1114 2794 1256 2840 darauf,
1277 2794 1337 2830 die
1356 2794 1601 2831 individuelle
1621 2794 1894 2841 orthographie
1949 2824 1951 2826 v

346 2844 548 2880 herstellen
573 2855 617 2877 zu
641 2842 802 2878 wollen.'

447 2892 496 2937 ³⁰²⁴)
524 2890 560 2928 O.
587 2891 613 2926 Ι.
639 2890 678 2927 L.
704 2890 819 2936 1206,
846 2889 1057 2935 Schneider,
1082 2891 1244 2936 exempla
1267 2902 1322 2926 nr.
1344 2893 1424 2926 312.

1950 60 1966 94 ,1,

1967 80 1974 90 ,

2028 859 2034 871 ,
2030 802 2034 815 ,
2028 744 2034 787 ψ
2010 362 2032 730 η-,ΑΗμέ-...μυμὼη-
2017 336 2019 339 -
2013 295 2018 318 -
2010 199 2012 203 Ἴ
