1976 3190
772 159 1000 208 Fragmenta
1020 165 1123 199 2—6.
1649 160 1729 204 161

167 268 266 316 ἂωη,
283 270 378 308 idem
398 270 515 356 Wo'lst
495 271 576 318 tlin,
599 269 720 318 proeli
743 269 931 307 rationem
949 269 1110 315 Dietsch,
1135 280 1251 317 prope
1273 269 1466 307 nationem
1486 269 1631 318 Mamy,
1655 271 1734 307 iwre

168 299 331 365 defendit
355 319 454 364 Keil,
494 331 645 356 ocorum
669 320 724 356 vel
747 320 862 355 simile
888 319 1080 365 quicquam
1104 324 1264 355 secutum
1288 331 1360 356 esse
1385 320 1582 356 ostendens.

289 383 457 424 Comm.
521 384 718 432 Quoniam
747 397 810 424 res
836 384 974 435 aliqua
999 386 1137 423 contra
1164 398 1310 437 regem,
1342 384 1423 424 scil.
1451 385 1736 437 Mithridatem,

166 443 273 484 bello
303 446 419 496 gesta
449 444 798 496 commemoratur,
836 444 1107 496 fragmentum
1138 444 1229 483 libri
1268 445 1430 484 secundi
1462 457 1544 484 esse
1576 445 1735 496 nequit,

167 516 297 555 neque
327 517 422 544 vero
454 518 474 544 e
500 504 619 544 tertio
645 504 746 544 libro
772 506 978 554 sumptum
1007 516 1090 543 esse
1116 504 1199 543 veri
1225 504 1353 544 simile
1380 506 1450 556 est,
1483 518 1574 544 cum
1605 518 1736 557 gram-

154 563 340 603 maneus
363 564 462 604 haec
486 565 608 604 verba
633 564 750 604 alteri
775 564 954 614 exemplo
978 563 1224 603 Sallustiano
1251 578 1271 603 e
1297 565 1416 604 tertio
1442 564 1544 604 libro
1571 565 1736 604 laudato

166 623 297 663 verbis
320 625 424 663 idem
446 625 532 663 hist.
557 625 615 662 II
635 624 854 663 subnectat.
906 624 962 662 At
988 626 1123 674 aperte
1150 624 1286 675 agitur
1311 625 1358 663 de
1383 624 1575 664 Romanis
1600 625 1737 664 Ponti-

165 683 302 734 eisque
327 683 442 722 iuxta
467 695 550 724 sese
576 685 708 723 castra
732 683 988 734 habentibus3
1015 696 1105 722 cum
1131 697 1223 723 vero
1250 684 1520 734 speculatores
1546 684 1737 723 adversus

166 743 301 783 hostes
331 743 474 783 missos
505 756 589 783 esse
620 744 819 796 legamus,
858 743 1090 783 successisse
1128 756 1219 782 mox
1250 757 1429 795 pugnam
1461 746 1685 794 equestrem
1715 759 1736 784 e

167 802 429 843 similitudine
450 803 594 843 talium
618 817 750 843 rerum
770 804 1021 855 concludam,
1048 816 1093 842 ac
1113 805 1242 842 totam
1262 804 1364 842 hanc
1389 803 1661 843 condicionem
1687 804 1738 842 ad

165 874 228 903 res
253 863 361 914 apud
387 862 573 903 Cabiram
598 865 732 916 gestas
757 864 855 903 bene
882 863 1078 914 quadrare
1103 863 1349 914 putaverim:
1382 863 1623 914 quibuscum
1648 877 1738 903 con-

165 924 320 976 gruunt
355 925 397 961 et
433 923 589 974 equites
626 923 797 963 Romani
837 924 1026 963 adversus
1063 923 1338 962 Mithridatem
1378 923 1489 963 missi
1529 925 1570 962 et
1607 926 1738 963 castra

166 982 272 1035 regis
296 981 429 1022 vicina
453 983 644 1026 Romanis
670 986 711 1023 et
735 984 839 1022 ratio
865 984 1054 1035 locorum,
1088 983 1158 1034 qui
1182 997 1305 1034 prope
1332 985 1438 1035 sunt,
1463 984 1654 1022 Romanis
1680 984 1738 1022 in-

163 1042 327 1094 cognita
352 1041 618 1094 difficilisque,
645 1043 783 1094 itaque
809 1044 911 1083 hanc
937 1043 988 1082 ad
1012 1056 1191 1095 pugnam
1217 1045 1442 1094 equestrem
1467 1043 1739 1096 fragmentum

163 1102 305 1143 refero.
354 1102 412 1141 At
441 1115 650 1154 perperam
675 1116 803 1154 nuper
827 1104 853 1142 J
855 1109 975 1155 firges
1000 1103 1271 1155 fragmentum
1302 1103 1348 1142 de
1375 1103 1545 1143 Lucullo
1584 1103 1736 1143 dictum

163 1161 364 1202 intellexit
394 1163 544 1202 collata
568 1163 675 1202 Livii
700 1177 781 1214 per.
811 1165 884 1203 94:
917 1160 975 1202 ‘L.
1001 1163 1180 1202 Licinius
1212 1163 1404 1202 Lucullus
1436 1176 1514 1203 cos.
1547 1164 1736 1204 adversus

162 1221 439 1266 Mithridatem
471 1223 724 1273 equestribus
755 1223 918 1274 proeliis
956 1223 1126 1262 feliciter
1162 1220 1388 1275 pugnavit’
1449 1224 1737 1263 Verumtamen

163 1283 368 1333 equestres
405 1282 499 1322 illae
537 1296 714 1335 pugnae,
753 1284 800 1322 de
833 1283 979 1334 quibus
1011 1283 1150 1322 Livius
1182 1283 1282 1322 libro
1311 1285 1366 1322 94
1399 1284 1494 1335 egit,
1528 1297 1607 1323 non
1646 1297 1737 1323 cum

162 1354 256 1394 rege
269 1341 370 1394 ipso,
391 1343 460 1382 sed
474 1355 566 1382 011111
578 1343 630 1382 M.
644 1343 784 1395 Mario,
798 1343 909 1395 regio
930 1344 1040 1395 duce,
1055 1344 1185 1382 factae
1200 1345 1295 1381 sunt
1314 1337 1381 1396 (cf.
1399 1343 1506 1382 Plut.
1520 1343 1615 1382 Luc.
1631 1357 1662 1384 c.
1678 1339 1736 1398 8).

283 1433 329 1478 5.
389 1433 562 1491 Igitur
604 1434 842 1491 legiones
886 1435 1053 1490 pridie
1099 1435 1146 1477 in
1198 1437 1367 1477 monte
1418 1435 1620 1490 positas
1663 1450 1734 1478 ar-

163 1505 389 1549 cessivit.

282 1599 388 1647 App.
439 1599 504 1646 (IV
525 1599 626 1646 16D,
653 1600 756 1646 43K,
783 1600 1090 1647 41G,1p.‚404
1117 1601 1150 1635 II
1174 1613 1209 1646 p.
1231 1604 1300 1636 310
1314 1601 1387 1647 ΒΥ.)
1419 1623 1465 1627 —
1496 1601 1676 1638 Priscian.
1702 1603 1735 1637 X

164 1647 211 1693 (II
234 1660 270 1694 p.
292 1651 386 1694 535).
406 1651 419 1694 ΙΙ
437 1630 650 1695 arcessivit]
677 1648 871 1684 lacessivit
896 1650 986 1685 coni.
1010 1649 1068 1685 ΚΤ
1070 1631 1130 1685 i’tz.

283 1712 453 1754 Comm.
515 1713 572 1752 Ut
601 1713 805 1753 Debrossii
832 1714 1110 1765 Gerlachiique
1138 1715 1307 1754 absonas
1339 1715 1456 1765 plane
1483 1716 1733 1755 coniecturas

163 1773 367 1826 omittam,
408 1772 520 1812 Kritz
561 1795 614 1799 —
657 1774 722 1813 cui
754 1774 917 1814 Dietsch
949 1777 1184 1814 cunctanter
1225 1775 1448 1814 adsentitus
1489 1778 1550 1814 est
1589 1799 1642 1802 —
1683 1778 1732 1815 ad

162 1846 352 1886 pugnam,
386 1846 468 1884 qua
493 1832 638 1872 Castus
664 1833 958 1886 Gannicusque,
990 1834 1255 1886 fugitivorum
1287 1834 1417 1886 duces,
1450 1835 1597 1875 devicti
1628 1840 1733 1888 sunt,

163 1895 342 1944 spectare
375 1893 647 1946 fragmentum
679 1894 857 1933 coniecit.
920 1895 976 1933 At
1007 1894 1216 1934 duodecim
1247 1894 1340 1933 illae
1366 1895 1639 1935 Romanorum
1671 1910 1733 1936 co-

161 1953 296 1993 hortes
335 1948 418 2007 (vel
449 1965 518 1993 sex
547 1953 661 1992 milia
698 1948 893 2008 militum)
933 1955 1097 2004 leyz’ones
1135 1954 1331 2004 appellari
1367 1958 1574 2005 nequeunt
1605 1970 1733 2007 neque

165 2013 326 2053 omnino
357 2026 450 2052 cum
480 2026 640 2066 pugnae
672 2013 782 2053 illius
814 2014 1078 2065 descriptione
1112 2014 1376 2066 Sallustiana,
1416 2028 1537 2065 quam
1570 2016 1730 2066 quidem

163 2073 272 2124 apud
301 2073 565 2112 Plutarchum
596 2075 730 2113 extare
769 2075 1025 2113 consentiunt
1061 2074 1138 2114 viri
1175 2074 1281 2113 docti
1321 2069 1390 2129 (cf.
1421 2075 1578 2127 Proleg
1610 2090 1647 2126 p.
1675 2078 1727 2115 41

167 2133 278 2172 -42
305 2134 347 2172 et
371 2127 460 2186 46),
485 2133 582 2172 haec
603 2133 788 2172 Sallustii
812 2134 934 2174 verba
958 2133 1212 2174 conveniunt.
1261 2134 1406 2173 Melius
1433 2138 1568 2174 autem
1594 2136 1732 2175 eadem

163 2205 380 2260 congruere
411 2192 510 2232 mihi
540 2192 728 2232 videntur
766 2207 857 2233 cum
893 2194 1011 2233 rebus
1050 2194 1100 2232 ad
1132 2194 1318 2233 Cabiram
1349 2195 1482 2246 gestis.
1545 2196 1730 2247 Namque

163 2254 252 2292 tum
281 2251 323 2292 in
353 2251 558 2292 montibus
590 2252 736 2293 sedisse
761 2253 990 2305 Lucullum,
1022 2267 1113 2294 mox
1138 2254 1179 2292 in
1205 2254 1373 2304 planum
1398 2255 1656 2308 descendisse,
1689 2259 1732 2294 at

162 2311 274 2352 brevi
300 2312 351 2352 ad
374 2314 530 2352 montes
556 2313 685 2353 denuo
706 2313 918 2353 recurrisse
938 2314 1115 2353 hostium
1136 2314 1363 2365 equitatum
1388 2315 1562 2354 veritum
1589 2318 1730 2355 notum

162 2374 234 2412 est.
289 2373 424 2424 Atque
455 2372 511 2411 ibi
536 2385 628 2412 cum
658 2374 767 2412 haud
798 2374 941 2426 exiguo
973 2374 1015 2412 in
1046 2374 1271 2414 discrimine
1302 2377 1541 2427 versaretur,
1573 2378 1732 2426 reperta

163 2431 296 2472 subito
333 2433 401 2472 via
436 2432 524 2472 loco
562 2434 652 2473 tuto
692 2435 824 2473 castra
859 2433 1013 2485 posuit3
1050 2434 1128 2473 huc
1167 2436 1303 2474 autem
1340 2435 1511 2474 incidere
1550 2438 1731 2475 nostrum

162 2491 435 2545 fragmentum
471 2492 660 2532 arbitror:
698 2493 779 2532 iam
809 2493 1004 2533 Lucullus
1036 2494 1252 2534 Graeculos
1290 2495 1381 2534 illos
1418 2496 1611 2546 repperit,
1651 2496 1730 2534 iam

126 2583 132 2589 .
162 2551 271 2592 viam
301 2552 351 2592 ab
382 2552 522 2592 iisdem
554 2552 630 2591 sibi
668 2555 911 2593 ostentatam
941 2556 1102 2594 secutus
1134 2555 1195 2594 est
1218 2554 1430 2605 locumque
1463 2568 1554 2594 cum
1591 2555 1731 2605 paucis

163 2610 392 2664 occupavit:
423 2614 519 2652 tunc
550 2626 643 2652 vero
676 2613 852 2665 legiones
883 2627 931 2653 ex
959 2614 1159 2665 prioribus
1191 2614 1332 2654 eastris
1365 2615 1580 2654 arcessivit.

282 2703 360 2749 6¹⁸.
409 2702 542 2747 Serv.
562 2704 622 2747 ad
641 2704 758 2747 Aen.
779 2703 986 2750 X11‘282:
1012 2705 1118 2763 ‘[Sic
1138 2721 1286 2749 omnes
1305 2721 1425 2749 amor
1450 2721 1560 2749 unus
1586 2706 1730 2764 habet,

163 2774 389 2819 decernere
426 2776 570 2833 ferro]
634 2776 721 2834 Sic,
759 2777 784 2819 i.
817 2792 850 2819 e.
883 2777 984 2820 dum
1022 2778 1250 2835 paullatim
1288 2778 1377 2820 suis
1413 2778 1595 2821 invicem
1631 2780 1729 2822 sub-

164 2846 355 2904 veniunt,
385 2862 533 2918 omnes
564 2847 610 2890 in
642 2811 804 2891 bellum
836 2849 972 2892 coacti
1004 2852 1122 2905 sunt3
1154 2849 1214 2891 sic
1247 2847 1503 2892 Sallustius?

282 2940 526 2987 App.<1n0
549 2942 650 2986 241)
677 2942 849 2988 11171K
875 2942 1049 2988 IV45G‚
1075 2943 1150 2989 lp
1174 2943 1330 2989 mer)

236 3007 894 3042 8.111η11ι11,.111·οοᾱΜιιιιοω1)η11.Π.
1400 3009 1440 3040 ll
