1976 3190
258 187 342 228 102
739 183 893 220 Sallusti
917 185 1166 221 Historiarum
1190 184 1255 221 lib.
1276 185 1319 220 II.
1375 221 1382 227 ,

215 307 236 338 4
255 294 467 350 Equidem
497 293 635 336 fateor
665 307 732 335 me
770 293 822 335 ad
857 293 938 336 hoc
976 293 1138 336 bellum
1174 293 1333 335 maiore
1371 291 1512 335 studio
1551 306 1678 349 quam
1707 307 1810 338 con·-

257 365 352 407 silio
397 364 658 421 profectum,
707 363 869 420 quippe
919 364 993 420 qui
1041 364 1213 407 nomine
1257 364 1382 406 modo
1426 363 1579 419 imperi
1621 379 1646 406 a
1686 364 1811 410 vobis

257 438 432 490 accepto
460 434 611 477 diebus
637 433 919 491 quadraginta
939 435 1173 478 exercitum
1200 434 1347 490 paravi
1372 434 1595 491 hostisque
1614 433 1659 477 in
1683 435 1812 479 cervi-

257 506 379 549 cibus
411 506 495 548 iam
526 505 674 548 Italiae
711 505 878 563 agentis
915 506 970 548 ab
1002 505 1192 561 Alpibus
1223 506 1267 548 in
1298 505 1555 561 Hispaniam
1585 505 1812 563 summovi3

258 593 335 633 per
367 593 437 620 eas
473 577 556 620 iter
593 577 709 619 aliud
747 580 874 633 atque
905 577 1125 619 Hannibal
1160 577 1287 620 nobis
1325 577 1580 633 oportunius
1616 576 1811 632 patefeci.

217 662 236 692 5
257 649 417 705 Recepi
451 648 644 705 Galliam,
674 648 960 704 Pyrenaeum,
991 648 1280 704 Lacetaniam,
1311 647 1521 691 Indicetes
1552 650 1596 691 et
1625 647 1814 704 primum

258 721 468 775 impetum
499 719 678 763 Sertorii
709 719 884 762 victoris
914 719 1037 762 novis
1067 719 1280 762 militibus
1311 723 1353 761 et
1378 719 1514 762 multo
1541 718 1816 775 paucioribus

260 791 444 834 sustinui
475 791 744 846 hiememque
782 790 933 833 castris
971 790 1084 833 inter
1121 791 1390 834 saevissimos
1427 790 1584 847 hostis,
1617 805 1707 834 non
1741 794 1820 847 per

145 868 237 913 (B)6
258 862 419 918 oppida
455 863 460 918 Ι
496 876 636 917 neque
674 876 726 903 ex
764 860 999 903 ambitione
1035 876 1129 903 mea
1175 862 1254 919 egi.
1318 861 1429 912 Quid
1466 861 1616 904 deinde
1653 861 1818 917 proelia

262 921 340 975 aut
362 932 657 989 expeditione-s
682 931 897 988 hibernas,
924 932 1084 987 oppida
1103 932 1244 975 excisa
1263 935 1337 974 aut
1356 935 1528 988 recepta
1547 933 1818 976 enumerem?

260 1003 437 1055 Quando
468 1018 536 1046 res
567 1003 665 1059 plus
695 1003 810 1045 valet
847 1018 976 1059 quam
1011 1004 1158 1046 verba:
1196 1006 1334 1046 castra
1369 1003 1559 1047 hostium
1597 1003 1711 1060 apud
1743 1003 1818 1048 Su-

260 1090 432 1118 cronem
463 1077 589 1130 capta
621 1077 663 1116 et
689 1074 901 1130 proelium
926 1075 1041 1130 apud
1066 1075 1225 1117 flumen
1250 1075 1423 1118 Turiam
1449 1078 1491 1117 et
1516 1075 1603 1118 dux
1626 1075 1817 1118 hostium

261 1146 302 1189 C.
334 1146 577 1188 Herennius
609 1161 704 1202 cum
718 1146 842 1201 hurbe
873 1145 1074 1206 Valentia
1111 1149 1154 1188 et
1186 1146 1374 1188 exercitu
1406 1146 1535 1189 deleti
1572 1146 1676 1189 satis
1706 1146 1818 1190 clara

259 1217 383 1260 vobis
416 1219 532 1260 sunt:
564 1232 643 1272 pro
676 1216 784 1273 quis,
816 1231 840 1258 o
873 1217 986 1273 grati
1016 1219 1172 1274 patres,
1204 1219 1438 1274 egestatem
1469 1220 1512 1261 et
1542 1217 1699 1260 famem
1729 1217 1818 1260 red-

219 1302 237 1332 7
260 1287 378 1331 ditis!
427 1287 577 1343 Itaque
609 1303 703 1330 meo
737 1291 780 1330 et
811 1287 1002 1330 hostium
1034 1287 1239 1331 exercitui
1271 1303 1350 1344 par
1374 1288 1566 1331 condicio
1592 1291 1675 1346 est3
1703 1303 1819 1337 nam-

262 1375 343 1416 que
377 1359 639 1414 stipendium
670 1359 813 1401 neutri
845 1359 988 1416 datur,
1025 1359 1162 1402 victor
1193 1362 1372 1414 uterque
1403 1359 1448 1402 in
1478 1359 1646 1402 Italiam
1675 1359 1820 1403 venire

219 1445 238 1474 8
258 1434 414 1486 potest.
483 1430 605 1481 Quod
636 1445 715 1486 ego
753 1445 829 1472 vos
863 1445 1015 1472 moneo
1054 1445 1307 1486 quaesoque,
1345 1434 1393 1472 ut
1431 1429 1779 1473 animadvertatis
1813 1441 1817 1487 ξ

149 1508 203 1553 (C)
220 1512 239 1542 9
259 1517 343 1544 neu
375 1501 540 1558 cogatis
571 1501 902 1544 necessitatibus
929 1501 1131 1556 privatim
1156 1501 1262 1543 mihi
1288 1498 1517 1557 consulere.
1567 1501 1821 1558 Hispaniam

261 1572 513 1630 citeriorem,
545 1588 653 1629 quae
678 1588 765 1615 non
796 1573 850 1615 ab
877 1572 1078 1615 hostibus
1109 1575 1292 1628 tenetur,
1321 1588 1400 1635 nos
1432 1576 1506 1615 aut
1531 1572 1744 1616 Sertorius
1768 1573 1821 1616 ad

260 1644 595 1687 internecionem
638 1644 897 1687 vastavimus
941 1647 1111 1700 praeter
1158 1639 1396 1687 maritimas
1447 1644 1659 1701 civitates,
1707 1644 1821 1696 ultro

260 1715 387 1758 nobis
419 1716 612 1771 sumptui
644 1715 865 1772 onerique,
905 1715 1042 1758 Gallia
1080 1716 1298 1771 superiore
1330 1731 1439 1758 anno
1470 1715 1635 1758 Metelli
1665 1715 1821 1760 exerci-

262 1790 356 1829 tum
387 1786 603 1842 stipendio
635 1787 938 1842 frumentoque
971 1786 1077 1828 aluit
1109 1789 1151 1828 et
1182 1802 1295 1829 nunc
1326 1787 1450 1829 malis
1480 1787 1695 1830 fructibus
1725 1787 1820 1843 ipsa

261 1858 333 1900 vix
365 1858 518 1915 agitat3
551 1873 631 1915 ego
662 1873 749 1900 non
780 1873 870 1900 rem
902 1858 1156 1900 familiarem
1185 1858 1323 1914 modo,
1355 1873 1502 1900 verum
1534 1858 1663 1900 etiam
1693 1857 1821 1901 fidem

261 1953 382 1987 nensis
411 1952 543 1996 incipit
571 1952 703 1995 folium
726 1953 768 1989 in
793 1952 1028 1998 quaternione
1056 1956 1212 1995 sextum,
1244 1953 1339 1997 quod
1363 1952 1457 1987 idem
1480 1963 1562 1987 ewm
1584 1952 1631 1995 fr.
1653 1953 1702 1987 92
1719 1955 1754 1988 et
1773 1954 1821 1987 93

261 2000 431 2043 cohaeret,
456 2000 508 2034 ecl.
528 1999 680 2044 Hauler‚
706 2001 811 2035 re'vne
837 2001 878 2036 de
898 2000 1023 2044 philol.
1046 1999 1087 2034 X
1104 2011 1142 2044 p.
1165 2001 1248 2043 122,
1283 1999 1425 2035 Wiener
1443 1998 1597 2035 Studien
1620 1998 1688 2035 IX
1703 2010 1742 2044 p.
1763 2001 1822 2043 31,

262 2051 430 2092 quartam
450 2051 639 2091 praeterea
662 2048 772 2083 huius
795 2048 880 2092 folii
898 2047 1101 2082 colmnnam
1125 2047 1177 2082 ed.
1204 2047 1298 2082 idem
1320 2047 1361 2082 in
1381 2046 1622 2093 Sitzwnysber.
1648 2047 1683 2082 d.
1703 2046 1820 2082 Wien.

262 2094 382 2129 Akaol.
409 2095 612 2139 phil-hist.
646 2094 698 2130 Ol.
723 2096 789 2130 vol.
812 2097 882 2130 113
911 2097 1043 2138 (1886)
1073 2106 1111 2139 p.
1136 2096 1225 2138 659,
1255 2095 1434 2141 Anzeiqer
1465 2095 1500 2130 d.
1526 2093 1672 2130 Wiener
1702 2094 1820 2131 Akad.

263 2144 363 2176 1886
383 2153 421 2186 p.
443 2144 505 2185 82,
530 2141 671 2176 Jordan
698 2142 785 2177 Sall.
813 2143 864 2177 eol.
886 2144 908 2176 3
931 2154 967 2186 p.
989 2144 1070 2176 132.

381 2192 413 2223 4.
440 2188 589 2235 imperi]
615 2190 662 2233 A,
687 2189 835 2235 imperii
862 2190 900 2225 V.
929 2210 972 2215 -
1000 2188 1221 2236 cervicibus]
1248 2188 1418 2224 cervibus
1444 2190 1489 2224 A.
1517 2209 1561 2214 -
1586 2187 1738 2236 Italiae]
1763 2187 1822 2223 In-

264 2235 379 2271 taliae
399 2237 444 2271 A.
467 2257 510 2261 —
531 2236 695 2283 agentis]
717 2238 758 2281 V,
784 2238 938 2282 agentes
958 2237 1004 2272 A.
1026 2258 1069 2262 —-
1089 2236 1214 2283 nobis]
1240 2235 1347 2271 novis
1367 2236 1413 2272 A.
1435 2257 1478 2262 —-
1498 2235 1662 2281 patefeci
1681 2246 1711 2272 e.
1726 2247 1760 2281 q.
1776 2236 1821 2283 s.]

263 2282 375 2318 tefeci
399 2283 523 2328 recepi
549 2283 714 2319 Galliam
738 2285 899 2331 syllabas
924 2296 989 2320 om.
1016 2284 1062 2319 A.

382 2334 413 2366 5.
439 2330 696 2378 Lacetaniam]
723 2331 953 2366 Iacetaniam
972 2332 1137 2375 Hnbner,
1162 2332 1317 2375 Jordan,
1342 2330 1578 2366 Laletaniam
1599 2330 1739 2374 Carrio,
1763 2331 1824 2366 sed

263 2379 309 2422 ef.
331 2377 499 2414 Strabon.
519 2379 594 2413 III
606 2382 640 2422 4,
661 2383 707 2414 10
735 2381 783 2424 (p.
805 2382 905 2423 161),
931 2379 1030 2414 Plin.
1051 2380 1126 2413 III
1131 2382 1190 2414 21.
1210 2400 1257 2404 —
1275 2378 1475 2425 Indicetes]
1495 2377 1676 2424 Indigetis
1702 2378 1743 2422 V,
1764 2378 1823 2413 In-

265 2424 409 2471 digetes
430 2427 556 2470 potius
575 2438 682 2471 quam
700 2426 882 2471 Indigetis
903 2427 950 2471 A,
976 2427 1022 2471 cf.
1042 2426 1224 2472 Philipps,
1251 2426 1491 2472 Sitzunysber.
1513 2427 1546 2461 cl.
1568 2425 1682 2462 Wien.
1701 2425 1821 2462 Aload.

260 2473 349 2517 phil.
376 2474 455 2508 hist.
480 2472 531 2508 Ol.
562 2475 629 2509 vol.
652 2476 700 2508 67
727 2476 856 2517 (1871)
882 2486 920 2518 p.
944 2476 1025 2509 762.
1067 2495 1110 2499 —
1150 2473 1319 2520 Sertorii]
1353 2471 1508 2508 Sortorii
1533 2473 1579 2508 A.
1618 2493 1662 2498 —
1699 2471 1806 2508 novis

265 2520 372 2555 nobis
398 2521 444 2555 A.
471 2541 517 2546 ——
543 2519 719 2566 sustinui]
747 2520 925 2555 sustinuit
950 2522 1001 2566 A,
1034 2520 1221 2556 substinui
1247 2522 1286 2557 V.
1320 2542 1363 2546 —
1395 2519 1529 2567 hostis]
1555 2519 1603 2564 A,
1627 2519 1754 2555 hostes
1784 2533 1785 2536 ¹
1814 2549 1822 2556 .

266 2589 309 2593 —
336 2567 541 2603 ambitione
566 2568 665 2614 mea]
699 2569 739 2611 V,
765 2567 1010 2603 ambitionem
1035 2569 1082 2613 A,
1107 2579 1190 2603 mea
1215 2580 1280 2604 om.
1309 2568 1461 2604 Hauler.

384 2619 415 2651 6.
443 2615 558 2662 apud]
591 2617 684 2661 aput
714 2617 768 2650 bis
798 2616 844 2650 A.
878 2637 921 2641 ——
954 2615 1121 2662 Turiam]
1152 2616 1308 2651 Durium
1336 2615 1427 2659 AV,
1457 2627 1546 2651 corr.
1579 2615 1742 2651 Ursinus.
1778 2636 1821 2640 —

266 2662 445 2710 exercitu]
473 2662 655 2698 exercitus
682 2663 727 2698 A.
755 2683 799 2688 -
825 2662 947 2709 vobis]
976 2664 1015 2707 V,
1040 2663 1149 2699 nobis
1169 2664 1215 2698 A.
1243 2685 1286 2688 —
1313 2662 1411 2710 quis]
1438 2662 1544 2708 quois
1569 2662 1615 2699 A.

360 2714 390 2746 9.
419 2711 530 2757 quae]
557 2722 621 2746 om.
635 2710 691 2754 ·A,
716 2722 790 2755 qua
815 2712 906 2746 coni.
927 2711 1084 2746 Dietsch.
1113 2732 1157 2736 —
1183 2710 1429 2757 vastavimus]
1455 2709 1688 2746 vastabimus
1708 2709 1754 2746 A.
1776 2730 1820 2735 —-

265 2757 488 2805 maritimas]
515 2757 734 2793 maritumas
761 2758 799 2794 V.
822 2779 865 2783 —
886 2757 1078 2805 onerique]
1106 2758 1284 2803 onorique
1311 2759 1351 2802 V,
1377 2757 1528 2803 aerique
1548 2758 1635 2792 sunt
1652 2756 1701 2801 A,
1725 2768 1822 2802 quae

265 2810 348 2840 ante
380 2805 478 2840 ultro
510 2807 593 2842 add.
620 2805 757 2849 Aldus,
787 2804 943 2840 ulterior
967 2807 1059 2841 coni.
1083 2806 1235 2850 Scho‘ne,
1266 2805 1442 2850 onerique
1474 2806 1560 2840 sunt
1591 2804 1752 2848 Hauler‚
1783 2808 1823 2839 at

266 2854 352 2888 talis
388 2854 568 2898 appositio
594 2853 819 2888 Sallustiana
855 2854 896 2888 in
926 2864 1083 2889 sermone
1119 2854 1215 2888 nihil
1248 2854 1364 2897 habet,
1402 2864 1471 2899 qno
1508 2852 1743 2896 offendamur.
1776 2873 1820 2878 -

267 2899 405 2945 agitat]
434 2899 578 2945 agitate
598 2901 644 2935 A.
672 2920 715 2926 —
741 2900 830 2947 non]
856 2911 921 2936 om.
942 2899 990 2944 A,
1014 2911 1135 2944 neque
1158 2912 1226 2946 ego
1247 2902 1338 2936 coni.
1360 2901 1514 2936 Hauler‚
1541 2919 1585 2926 —
1611 2897 1822 2946 famflmilia-

267 2957 345 2982 rem
369 2948 421 2984 sic
446 2948 492 2983 A.
520 2968 563 2974 -—
591 2947 721 2995 etiam]
747 2959 814 2985 om.
840 2947 883 2983 A.
