1976 3190
287 211 368 251 118
763 205 919 242 Sallusti
944 204 1193 241 Historiarum
1217 205 1281 240 lib.
1302 204 1363 240 111.
1381 224 1388 231 ι

281 323 475 360 φηαφὲοννκνη
509 318 707 357 sententia
745 317 870 356 inesse
907 317 1065 357 videtur
1100 317 1237 356 haece:
1275 318 1488 355 convertere
1520 310 1602 369 (vel
1633 311 1842 372 adducere)

279 380 432 422 milites,
464 381 507 415 ut
536 378 731 416 maiorwm
760 388 865 415 more
889 388 929 416 se
950 379 1135 426 yererent.
1191 376 1300 422 Quae
1326 375 1360 414 si
1384 375 1443 420 ita
1468 377 1573 426 sunt,
1603 375 1651 414 de
1672 375 1840 416 Lucullo

279 437 557 486 militibusque
594 436 819 475 Valerianis
858 435 1060 487 aptissime
1097 436 1194 474 haec
1231 434 1313 473 -dici
1353 435 1588 485 potuerunt,
1632 435 1680 473 cf.
1717 434 1842 474 Plutz

281 498 420 549 βραχεῖ
444 495 569 551 χρόνῳ
601 493 667 534 καὶ
697 495 847 534 τούτων
878 493 920 534 τὸ
945 494 1096 547 θράσος
1128 491 1149 533 ὅ
1175 494 1431 540 Λούκουλλος
1459 490 1621 543 ἐξέκοψε
1651 491 1718 533 καὶ
1749 492 1842 541 τοὺς

281 553 423 602 ἄλλους
454 552 674 606 ἐπέστρεψε.

401 632 478 677 20.
539 632 702 688 Equis
734 635 783 674 et
814 632 966 674 armis
998 632 1273 674 decoribus
1304 630 1483 673 cultus.

399 726 506 771 App.
557 725 621 770 (IH
642 729 685 760 14
698 725 742 770 D,
770 729 811 759 11
827 725 871 769 K,
899 728 943 759 80
959 723 1001 769 G,
1028 724 1044 758 I
1068 735 1102 769 p.
1124 726 1192 758 599
1205 724 1280 769 ΒΓ.)
1307 744 1351 749 -
1376 722 1489 758 Prisc.
1510 722 1562 758 VI
1586 722 1633 768 (H
1656 735 1692 769 p.
1713 725 1806 767 235).
1833 724 1845 769 ῖΙ

282 774 404 820 equis]
432 784 547 818 equus
574 773 619 809 B.
648 794 692 799 —
718 772 856 819 cultus]
884 771 995 807 cultis
1022 771 1068 807 R.

402 838 566 877 Oomm.
618 838 677 876 De
697 836 941 877 Mithridatis
968 836 1142 875 exercitu
1168 836 1316 885 optime
1341 835 1415 874 1100
1440 835 1708 886 fragmentum
1733 834 1844 874 Kritz

282 897 491 949 intellexit,
523 898 570 936 of.
597 897 722 935 Plut:
754 893 911 946 ἀφελὼν
941 893 1015 948 γὰρ
1047 893 1091 933 τὰ
1123 892 1354 934 παντοδαπὰ
1379 892 1516 945 πλήθη
1540 892 1608 934 καὶ
1630 891 1699 941 τὰς
1723 895 1844 934 πολυ-

283 957 483 1010 γλώσσους
515 953 676 1002 ἀπειλὰς
706 960 785 994 τῶν
810 953 1035 1007 βαρβάρων,
1067 952 1223 993 ὅπλων
1254 951 1303 992 δὲ
1335 952 1603 1005 διαχρύσων
1632 950 1713 992 καὶ
1743 951 1845 992 δια-

284 1016 434 1056 λίθων
464 1014 778 1065 κατασκευάς,
810 1012 863 1060 ὡς
894 1013 1053 1066 λάφυρα
1083 1018 1162 1051 τῶν
1192 1012 1443 1065 κρατούντων
1467 1014 1546 1051 κτλ.

405 1092 513 1138 21*.
563 1092 695 1136 Ser'v.
727 1093 787 1135 ad
816 1091 957 1149 Verg.
983 1091 1099 1134 Aen.
1125 1090 1146 1133 I
1170 1092 1275 1134 476:
1307 1090 1529 1134 ‘Curribus
1553 1090 1721 1133 falcatis
1746 1105 1848 1133 usos

287 1181 377 1208 esse
403 1165 584 1208 maiores
610 1168 654 1207 et
672 1164 819 1206 Livius
844 1166 887 1205 et
912 1162 1140 1206 SaHustius
1165 1162 1345 1205 docent.'
1367 1188 1420 1192 —
1448 1161 1610 1205 Schol.
1635 1162 1695 1203 ad
1719 1160 1846 1204 Stat.

286 1237 438 1279 Theb.
461 1235 502 1278 X
521 1236 624 1278 544:
656 1234 767 1277 ‘Hoc
798 1248 934 1291 genus
959 1248 1175 1276 armorum
1208 1233 1336 1275 etiam
1362 1232 1590 1276 Sallustius
1615 1231 1846 1276 describit?

405 1329 511 1374 App.
563 1328 649 1372 (Ine.
672 1330 717 1362 14
729 1327 774 1372 D,
799 1327 852 1362 IH
872 1331 915 1362 12
928 1326 973 1373 K,
998 1326 1049 1362 IV
1069 1330 1114 1361 54
1129 1325 1171 1370 Gr,
1197 1326 1231 1360 H
1255 1338 1290 1371 p.
1312 1330 1381 1361 544
1394 1325 1468 1371 Br.)

407 1393 573 1433 Comm.
624 1391 764 1431 Potius
790 1392 841 1430 ad
860 1391 1165 1442 descriptionem
1184 1390 1380 1429 exercitus
1399 1391 1557 1430 Pontici
1580 1391 1737 1442 hucque
1761 1405 1848 1443 per-

287 1454 412 1492 tinere
443 1453 725 1503 fragmentum,
753 1463 875 1501 quam
899 1451 950 1489 ad
980 1451 1126 1489 librum
1153 1452 1343 1500 quartum
1370 1450 1577 1490 Plutarchi
1595 1463 1627 1491 0.
1649 1453 1672 1490 7
1695 1451 1848 1491 ostendi

288 1513 386 1552 mihi
404 1512 574 1562 videtur,
593 1510 828 1561 praesertim
847 1523 938 1549 cum
957 1510 1080 1549 etiam
1100 1509 1349 1559 descripsisse
1365 1509 1603 1549 Sallustium
1619 1510 1692 1550 hos
1711 1523 1850 1550 currus

289 1572 504 1611 scholiasta
525 1570 646 1609 Statii
670 1571 852 1608 testetur.
901 1570 955 1608 Et
979 1570 1148 1609 fortasse
1174 1582 1194 1607 e
1215 1568 1407 1608 Sallustio
1431 1569 1590 1620 fluxere,
1618 1581 1721 1620 quae
1745 1569 1850 1609 idem

288 1631 408 1669 habet
448 1630 568 1668 Statii
604 1629 799 1679 interpres
837 1629 888 1667 ad
925 1629 1044 1667 Theb.
1071 1627 1151 1666 VII
1178 1630 1279 1667 712:
1319 1623 1463 1667 ‘solent
1499 1628 1605 1667 enim
1630 1623 1681 1667 'in
1711 1628 1850 1668 axibus

289 1703 478 1730 curruum
500 1689 622 1728 falces
645 1690 790 1739 extare,
817 1700 918 1738 quae
941 1682 1209 1727 incurrentem
1230 1687 1417 1726 hostilem
1438 1687 1632 1737 populum
1656 1685 1850 1728 caedant?

410 1767 519 1812 22³⁸.
569 1767 936 1822 Metrophanes
968 1765 1254 1821 promeruit
1285 1765 1503 1822 gratiam
1531 1765 1851 1810 Mithridatis

291 1838 636 1893 obsequendo.

410 1931 516 1976 App.
568 1931 615 1976 (H
639 1943 674 1976 p.
696 1934 740 1965 39
767 1931 805 1965 et
831 1933 898 1965 657
912 1929 986 1975 ΒΥ.)
1018 1950 1062 1955 -—-
1094 1929 1223 1965 Isidor.
1251 1929 1342 1975 orig.
1369 1930 1403 1964 H
1426 1933 1481 1975 11,
1501 1933 1534 1975 1,
1558 1929 1650 1965 ibid.
1676 1929 1711 1965 H
1729 1933 1786 1975 21,
1807 1933 1852 1965 14

292 1980 391 2024 (rhet.
414 1979 474 2014 lat.
496 1979 548 2014 ed.
572 1978 686 2014 Halm
707 1989 745 2023 p.
766 1979 837 2013 513
855 1982 888 2013 et
907 1979 1008 2022 519):
1036 1976 1223 2012 sententia
1248 1978 1306 2012 est
1330 1976 1473 2012 dictum
1497 1976 1745 2023 impersonale
1772 1977 1851 2013 ‘ob-

294 2025 464 2071 sequium
489 2025 646 2070 amicos,
678 2024 818 2060 veritas
851 2024 979 2059 odium
1008 2023 1136 2070 parit'.
1186 2024 1282 2059 Huic
1315 2024 1346 2059 si
1371 2024 1485 2060 fuerit
1507 2035 1668 2070 persona
1691 2024 1852 2070 adiecta,

294 2072 399 2108 chria
425 2073 497 2108 erit
522 2084 552 2109 e.
573 2085 608 2117 q.
630 2084 656 2108 s.
677 2075 690 2119 ΙΙ
708 2072 964 2119 obsequendo]
991 2071 1271 2117 obsequendum
1295 2072 1331 2107 A
1351 2083 1410 2117 pr.
1438 2072 1522 2108 loco.

413 2136 579 2176 Oomm.
643 2136 795 2175 Iniuria
826 2136 996 2175 editores
1028 2149 1163 2176 omnes
1193 2136 1275 2175 fere
1307 2137 1576 2188 ffagmentum
1606 2149 1631 2175 a
1663 2135 1853 2176 Sallustio

294 2196 542 2235 abiudicasse
568 2196 771 2246 videntur3
802 2209 973 2245 namque
998 2195 1120 2234 verba
1151 2195 1200 2234 ab
1225 2195 1378 2235 Isidoro
1410 2196 1536 2234 allata
1566 2207 1657 2234 cum
1687 2208 1708 2235 e
1733 2195 1854 2246 scrip-

293 2257 379 2294 tore
418 2255 554 2305 aliquo
592 2255 732 2304 procul
770 2255 890 2293 dubio
929 2256 1089 2304 sumpta
1133 2266 1216 2293 esse
1254 2254 1427 2294 alterum
1463 2254 1718 2293 enuntiatum
1753 2254 1882 2294 illud*

296 2328 316 2353 e
342 2314 527 2353 Terentio
553 2314 765 2352 laudatum
790 2314 940 2365 doceat,
975 2314 1172 2352 neminem
1197 2313 1276 2352 scio
1309 2313 1492 2364 equidem
1523 2313 1702 2353 omnium
1732 2313 1852 2364 scrip-

294 2375 444 2423 torum,
483 2372 553 2422 qui
591 2373 638 2411 de
675 2373 934 2422 Metrophane
972 2385 1018 2411 ac
1055 2372 1286 2411 Mithridate
1324 2373 1425 2411 talia
1461 2371 1629 2412 scribere
1664 2371 1852 2424 potuerit,

296 2432 373 2471 nisi
405 2431 655 2482 Sallustium,
687 2431 800 2470 cuius
830 2432 895 2470 vel
925 2431 1083 2471 nomine
1113 2445 1193 2470 non
1224 2432 1426 2481 appellato
1456 2431 1676 2481 permultas
1709 2431 1751 2470 in
1780 2431 1852 2471 Isi-

297 2492 391 2530 doro
428 2492 561 2529 extare
592 2490 782 2540 reliquias
813 2504 927 2530 nemo
966 2492 1026 2529 est
1063 2490 1134 2540 qui
1170 2490 1339 2541 nesciat3
1368 2490 1538 2542 accedit,
1576 2490 1683 2540 quod
1713 2490 1854 2529 similis

297 2550 523 2602 argumenti
554 2551 614 2588 est
639 2549 821 2589 Sallustii
845 2550 891 2588 fir.
918 2550 958 2587 II
987 2551 1052 2600 78,
1084 2562 1212 2600 neque
1242 2562 1335 2588 vero
1364 2549 1603 2599 obsequendi
1634 2548 1799 2588 verbum
1830 2562 1854 2588 a

298 2609 544 2648 Sallustiano
570 2620 747 2648 sermone
777 2608 972 2647 abhorret.
1029 2609 1106 2647 Sed
1137 2609 1305 2658 apposui
1335 2608 1432 2647 haec
1462 2607 1594 2659 verba,
1624 2608 1695 2646 ubi
1724 2608 1854 2658 prima

297 2668 568 2718 Metrophanis
599 2667 709 2706 illius
739 2667 888 2706 mentio
920 2668 1028 2706 facta
1059 2679 1141 2706 esse
1171 2667 1341 2706 videtur.

417 2744 532 2800 23†.
581 2744 647 2788 At
672 2745 771 2802 illi,
803 2745 988 2801 quibus
1012 2745 1148 2788 vires
1173 2745 1401 2802 aderant,
1430 2745 1599 2788 cuncti
1625 2759 1769 2788 ruere
1795 2746 1852 2787 ad

300 2819 494 2873 portas,
526 2815 778 2859 inconditi
809 2815 1028 2859 tendere.

419 2910 523 2955 App.
574 2909 621 2955 (II
641 2912 685 2944 58
698 2909 743 2954 D,
770 2912 812 2943 67
826 2909 870 2953 Κ,
898 2912 942 2943 90
957 2908 999 2952 G,
1026 2909 1059 2943 ΙΙ
1082 2921 1116 2954 p.
1139 2913 1207 2944 459
1220 2909 1296 2955 Br.)
1316 2929 1359 2934 —
1381 2907 1529 2943 Servius
1550 2907 1601 2943 ad
1618 2907 1745 2944 Bucol.
1765 2908 1851 2945 11-4.

301 2976 345 2983 —
372 2956 572 2992 Sallustius
596 2955 637 2992 in
661 2956 758 2991 libro
783 2955 817 2991 V
842 2956 886 2992 H
888 2984 899 3002 ,
924 2955 963 2990 in
988 2956 1051 2991 LV
1077 2956 1222 3001 LPM,
1253 2967 1319 2992 om.
1343 2956 1397 3000 R,
1423 2956 1525 2991 tertio
1550 2955 1737 3003 assiq‘navi
1760 2956 1853 2993 libro
