1916 3178
277 298 542 339 adulescente
567 297 771 352 Pompeio
802 299 936 354 gestis
967 301 1069 357 agit,
1101 301 1173 342 ubi
1205 301 1340 342 multa
1371 315 1392 342 e
1418 300 1638 344 Strabone,
1655 302 1830 347 fluxisse

278 369 333 409 ob
376 368 593 410 Plutarchi
640 367 910 425 Appianique
961 371 1283 413 similitudinem
1326 371 1439 413 haud
1488 370 1830 428 improbabiliter

276 439 482 480 conclusit
507 438 706 496 Vogel¹);
731 455 830 482 mox
856 456 887 483 c.
918 443 970 484 16
996 442 1131 497 ipsam
1153 443 1301 498 Lepidi
1329 442 1551 498 Catulique
1577 442 1828 488 seditionem

276 513 453 551 enarrat.
514 510 577 552 Ac
607 511 792 566 primum
824 512 993 568 quidem
1024 513 1186 555 fontem
1216 513 1435 555 Plutarchi
1471 514 1526 555 ab
1558 513 1828 569 optimatium

274 581 468 634 partibus
500 581 669 635 stetisse
700 582 910 635 videmus3
941 584 1148 639 Lepidum
1174 585 1287 626 enim
1319 600 1370 626 ex
1396 583 1628 627 ambitione
1658 584 1827 629 seditioss

274 666 371 692 nem
409 652 590 694 movisse
631 653 868 709 insimulat,
904 654 954 695 cf.
993 653 1184 706 Λέπιδος
1223 657 1423 706 εἰςποιῶν
1459 653 1616 699 ἑαυτὸν
1645 656 1710 707 εἰς
1746 657 1828 712 τὴν

275 721 446 764 ἐκείνου
483 722 591 780 (scil.
631 723 792 781 Sullae)
833 726 1040 780 δύναμιν;
1081 725 1131 766 de
1170 724 1320 767 Catulo
1357 740 1456 768 vero
1494 725 1630 768 multo
1670 725 1829 770 iudicat

273 793 443 834 melius:
506 793 677 844 Κάτλος
726 790 760 852 ᾧ
808 796 856 837 τὸ
903 796 1104 851 καθαρὸν
1153 794 1226 838 καὶ
1269 794 1474 850 ὑγιαῖνον
1522 797 1711 853 μάλιστα
1752 803 1829 854 τῆς

271 867 434 919 βουλῆς
478 863 551 907 καὶ
594 872 672 908 τοῦ
711 866 853 920 δήμου
897 874 1138 922 προσεῖχεν.
1204 866 1330 908 Brevi
1374 870 1472 922 post
1515 867 1565 910 de
1602 868 1829 931 Brutoyzd

272 934 483 976 Mutinam
533 938 656 990 capto
702 935 807 977 duos
852 936 1003 978 habuit
1047 939 1258 979 auctores:
1308 938 1331 980 ὁ
1372 939 1455 994 γὰρ
1497 941 1696 996 Βροῦτος
1740 943 1828 983 εἴτε

271 1007 496 1062 παραδοὺς
532 1005 612 1060 τὴν
657 1006 848 1061 δύναμιν
888 1006 1018 1056 αὐτὸς
1067 1011 1151 1050 εἴτε
1194 1007 1433 1064 προδοθεὶς
1475 1008 1829 1066 μεταβαλομένης

273 1075 453 1132 §malms-3
492 1076 603 1117 infra
634 1079 775 1118 autem
807 1092 952 1133 unam,
990 1079 1033 1118 et
1064 1078 1234 1132 quidem
1265 1078 1451 1133 priorem
1481 1079 1675 1136 sequitur
1704 1079 1751 1123 izu
1779 1094 1826 1123 re

272 1147 504 1188 enarranda
550 1147 816 1189 relationem:
865 1149 1096 1205 γεγραφὼς
1139 1150 1222 1205 γὰρ
1267 1175 1319 1179 -
1360 1175 1413 1180 -
1458 1151 1517 1201 ὡς
1559 1149 1672 1194 ἑκὼν
1707 1150 1826 1210 αὐτῷ
1910 1205 1916 1213 ¹

270 1220 512 1273 πρόσθοιτο
544 1221 750 1275 Βροῦτος.
812 1219 937 1260 Patet
968 1222 1115 1270 autem,
1141 1220 1250 1262 hanc
1288 1221 1483 1276 optimati
1521 1221 1667 1264 deberi
1699 1221 1826 1278 scrip-
1901 1271 1907 1278 ι

270 1288 372 1344 tori,
410 1289 610 1343 quoniam
646 1289 824 1346 Brutus,
861 1290 1129 1345 popularium
1166 1291 1352 1346 partium
1395 1292 1497 1349 dux,
1534 1292 1729 1349 ignaviae
1766 1293 1827 1336 in-

271 1359 616 1414 constantiaeque
661 1363 897 1415 accusetur,
935 1360 1052 1402 illam
1088 1361 1283 1416 populari
1321 1363 1502 1419 auctori,
1533 1378 1630 1406 cum
1666 1364 1826 1407 deditio

269 1430 392 1471 Bruti
424 1430 601 1485 perfidia
626 1431 835 1473 exercitus
862 1431 952 1473 eius
984 1435 1216 1474 excusetur.
1267 1433 1381 1483 Quae
1407 1433 1443 1475 si
1469 1434 1529 1476 ita
1554 1434 1826 1490 sunt,-conici

269 1500 395 1542 liceat
427 1501 676 1556 scriptorem
708 1502 969 1558 optimatem,
1001 1517 1126 1558 quem
1156 1503 1380 1559 praecipue
1405 1504 1486 1546 hoc
1518 1505 1656 1562 capite
1681 1506 1829 1562 sequa-²

270 1574 340 1612 tur
371 1570 643 1627 Plutarchus,
674 1573 842 1614 Livium
887 1588 997 1629 esse,
1040 1574 1289 1629 popularem
1331 1589 1431 1617 vero
1475 1574 1736 1620 Sallustium.
1769 1601 1858 1614 -—-

269 1642 462 1698 Denique
501 1644 551 1684 de
589 1646 725 1685 morte
756 1644 904 1698 Lepidi
943 1644 1153 1699 duplicem
1192 1645 1328 1687 denuo
1360 1649 1554 1689 tenemus
1585 1646 1698 1704 apud
1726 1647 1824 1690 Plu-

270 1715 465 1756 tarchum
502 1715 766 1756 memoriam:
808 1711 967 1757 K'o'cusv
996 1717 1186 1771 νοσήσας
1220 1711 1468 1772 ἐτέλεύτησε
1509 1714 1569 1760 δι’
1609 1718 1823 1775 ἀθυμίαν,

270 1785 324 1827 οὐ
348 1794 436 1828 τῶν
455 1787 720 1842 πραγμάτων
740 1787 798 1836 ὥς
816 1797 972 1842 φασιν,
1004 1786 1114 1829 ἀλλὰ
1139 1790 1394 1845 γραμματίῳ
1419 1790 1679 1846 περιπεσών,
1705 1789 1748 1841 ἐξ
1768 1787 1822 1833 οὗ

270 1859 468 1912 μοιχείαν
517 1857 614 1898 τινὰ
663 1862 738 1911 τῆς
786 1858 994 1911 γυναικὸς
1042 1857 1252 1914 ἐφώρασε.
1331 1857 1380 1900 Id
1422 1859 1536 1914 quod
1579 1849 1824 1902 auctoribus

268 1926 410 1968 verbis
435 1925 513 1976 ‘dig
537 1923 687 1982 ‹poco‘w’
723 1927 973 1983 significatis
1000 1928 1169 1984 refutat,
1193 1926 1272 1971 ‘6⁶'
1308 1929 1508 1985 ἀθυμίαν
1537 1928 1818 1987 πραγμάτων’

269 2000 485 2038 mortuum
529 2012 619 2038 esse
655 1997 880 2054 Lepidum,
916 1998 1026 2041 Livii
1065 1997 1189 2055 est²);
1232 2002 1379 2041 contra
1416 2000 1643 2044 Sallustius
1684 2001 1823 2044 solum

270 2068 465 2109 morbum
504 2071 905 2113 commemoraverat
943 2072 984 2110 et
1020 2069 1328 2124 poenitentiam
1365 2071 1638 2114 vehementer
1668 2072 1821 2115 abnue-

268 2137 390 2195 rat.3)
451 2138 594 2180 Tertia
630 2142 798 2193 praeter
835 2140 1031 2181 morbum
1063 2143 1104 2181 et
1135 2141 1441 2195 poenitentiam
1475 2143 1530 2184 ab
1560 2143 1694 2186 altero
1725 2142 1822 2185 Plu-

268 2209 404 2251 tarchi
436 2212 606 2251 auctore
633 2210 814 2251 refertur
839 2210 988 2252 mortis
1014 2226 1151 2266 causa,
1177 2212 1337 2254 scilicet
1362 2213 1425 2254 ira
1450 2214 1500 2255 de
1525 2214 1656 2256 infida
1679 2227 1823 2269 uxore,

270 2281 320 2322 de
353 2296 435 2335 qua
467 2281 664 2337 congruit
695 2280 949 2322 Plutarchus
975 2296 1070 2323 cum
1102 2282 1241 2324 Plinio
1273 2282 1334 2325 III
1362 2278 1444 2326 12⁴2
1477 2287 1520 2326 et
1554 2285 1650 2328 186.
1690 2283 1821 2327 Plinii

269 2354 410 2393 autem
448 2351 574 2393 index
611 2366 707 2392 cum
739 2351 981 2393 Cornelium
1012 2352 1223 2407 Nepotem
1260 2355 1426 2411 afferat,
1457 2355 1569 2398 hunc
1599 2354 1821 2410 utriusque

268 2423 346 2464 hac
378 2422 423 2464 in
453 2422 609 2464 fabella
641 2423 802 2464 fontem
834 2422 964 2464 fuisse
995 2424 1249 2480 putaverim3
1281 2425 1438 2467 etenim
1461 2419 1642 2482 Livium,
1672 2425 1746 2481 qui
1776 2425 1822 2467 in

909 196 1197 238 -18-

388 2577 420 2620 1)
446 2574 471 2611 l.
496 2574 519 2609 1.
546 2586 581 2620 p.
602 2578 659 2609 21.

386 2635 422 2680 2)
449 2633 501 2670 cf.
527 2633 623 2669 Flor.
649 2633 683 2668 II
711 2637 769 2668 11:
811 2633 889 2668 ‘Ibi
918 2634 1048 2669 morbo
1088 2637 1126 2670 et
1158 2635 1392 2681 poenitentia
1424 2635 1594 2673 interfit!
1662 2634 1817 2682 Saepius

269 2694 393 2727 autem
424 2692 663 2728 Plutarchum
699 2694 766 2727 aut
799 2693 830 2728 si
864 2704 1001 2728 novum
1036 2693 1182 2729 inducit
1215 2697 1404 2731 auctorem
1437 2695 1504 2730 aut
1536 2694 1569 2730 si
1597 2694 1816 2739 primarium

268 2752 409 2787 fontem
435 2764 539 2787 suum
566 2751 692 2797 aliqua
722 2751 762 2786 in
791 2763 830 2786 re
862 2752 1031 2798 corrigit,
1064 2753 1247 2798 imprimis
1279 2754 1310 2790 si
1335 2765 1355 2790 e
1379 2753 1484 2789 Livio
1510 2753 1663 2798 aliquod
1689 2753 1817 2798 sumit,

269 2811 388 2846 verbis
417 2811 486 2852 ‘1159
512 2812 623 2857 φησι’
652 2811 711 2847 vel
739 2809 923 2857 ‘ks'yewn’
957 2812 1027 2846 hoc
1060 2812 1183 2848 facere
1215 2813 1432 2848 observarat
1454 2812 1613 2848 Judeich
1637 2825 1674 2858 p.
1693 2817 1750 2848 45.

386 2872 423 2915 3)
449 2870 500 2906 Of.
522 2871 639 2916 Exup.
656 2883 701 2915 .p.
722 2875 754 2915 4,
777 2875 814 2907 5:
842 2871 911 2906 ‘Ac
939 2871 1027 2905 dum
1052 2873 1171 2907 multa
1189 2875 1311 2918 parat,
1336 2873 1465 2907 morbo
1490 2871 1596 2917 gravi
1615 2882 1814 2917 oppressus

267 2930 305 2963 et
329 2930 495 2963 mortuus
521 2930 604 2965 est.’
