2034 3184
376 155 462 222 224
1019 179 1227 225 Αρρεῃᾱὶκ,
1240 179 1284 216 Π,

375 290 528 341 autem,
555 301 662 342 quae
687 286 823 329 vocali
847 287 865 329 i
887 286 1108 343 finiuntur,
1132 289 1188 331 -is
1212 288 1451 331 accusativo
1478 289 1770 343 praebuerunt
1788 278 1931 348 (velut

375 358 485 410 civis,
508 358 660 411 pmrtis,
684 358 845 408 montis
868 356 1077 416 potentis).
1132 359 1276 402 Primo
1303 360 1337 401 a.
1366 359 1461 402 Chr.
1487 374 1527 401 n.
1553 359 1722 403 saeculo
1746 359 1932 416 plemm-

376 443 457 483 que
488 429 544 470 -is
575 428 662 486 (vel
687 427 782 486 eis)
814 428 858 470 in
889 429 1128 472 accusativo
1161 431 1368 486 scriptum
1400 430 1648 488 reperimuS,
1678 430 1754 474 sed
1783 430 1932 477 extant

376 499 505 540 etiam
537 500 697 542 formae
730 514 782 542 ex
814 500 1010 557 analogia
1041 504 1321 559 constructae,
1352 502 1469 544 velut
1501 504 1544 544 et
1568 504 1692 546 eeives
1722 504 1767 546 et
1789 503 1931 547 oeiveis

374 570 495 612 iuxta
519 571 652 613 habet
677 571 746 613 lex
772 570 961 614 Antonia
986 587 1096 614 anno
1125 575 1176 616 71
1204 588 1239 615 a.
1267 573 1362 616 Chr.
1389 572 1539 629 incisa3
1564 588 1612 616 ac
1639 574 1928 618 nominativus

376 656 544 697 quoque
577 657 629 684 ex
661 642 858 699 analogia
883 644 1170 686 accusativum
1195 647 1366 687 secutus
1393 647 1468 700 est,
1499 644 1617 687 velut
1640 644 1686 686 in
1708 640 1805 702 leg'e
1827 643 1932 688 Fur-

374 712 535 770 fensiss)
573 713 673 755 anni
704 714 760 757 58
790 715 946 768 pelleis.
1007 715 1158 770 Neque
1193 730 1281 758 non
1317 716 1362 759 in
1398 716 1494 773 lege
1527 715 1636 758 Iulia
1672 729 1737 759 -es
1771 714 1933 773 legitur

375 783 511 842 (velut
551 783 764 842 Vestales),
806 788 849 827 et
885 785 931 828 in
967 788 1243 829 monumento
1280 786 1508 843 Ancyrano
1545 789 1726 843 utraque
1761 786 1932 843 saepius

374 857 511 898 forma
541 856 662 899 iuxta
693 859 926 912 usurpatur
958 856 1094 916 (velut
1125 859 1275 911 omnis,
1306 859 1476 911 curulis,
1508 858 1733 913 ίηΐενεηύίε,
1763 859 1931 915 wenti&

375 930 522 970 contra
552 942 687 980 naves,
719 929 847 981 aedes,
878 930 991 983 fines,
1024 929 1209 982 labentes,
1242 930 1412 985 saepius
1439 928 1605 988 yentes).
1661 929 1820 973 Contra
1845 929 1931 972 iam

374 998 420 1040 in
444 999 715 1054 Pompeianis
746 998 1101 1054 inscriptionibus
1132 990 1301 1056 ubique'
1324 1015 1383 1044 -es
1408 1001 1616 1056 scriptum
1646 1003 1712 1044 est
1740 1000 1932 1057 exceptis

375 1070 543 1112 duobus
580 1070 780 1113 Octobreis
812 1073 854 1112 et
886 1072 1035 1113 dantis.

493 1141 608 1191 Quae
646 1141 681 1183 si
714 1141 1137 1200 consideraverimus,
1175 1142 1367 1185 Sallustii
1405 1145 1543 1185 aetate
1573 1157 1715 1200 voces,
1752 1154 1931 1200 quarum
2002 1161 2004 1165 ⁴

375 1212 532 1267 stirpes
563 1213 608 1254 in
638 1214 656 1255 i
687 1213 880 1269 exibant,
918 1214 1206 1256 accusativum
1241 1229 1320 1270 per
1349 1216 1403 1257 ais
1439 1215 1644 1258 formasse
1674 1213 1763 1258 veri
1794 1214 1932 1258 simile

375 1287 455 1340 est3
495 1284 624 1326 etiam
656 1283 906 1326 Sallustium
937 1285 1046 1327 hanc
1078 1288 1271 1328 secutum
1309 1301 1400 1329 esse
1434 1285 1645 1328 rationem
1675 1299 1698 1328 e
1722 1285 1933 1329 memoria

375 1355 652 1398 historiarum
695 1355 867 1411 quidem
911 1356 1060 1399 elucet.
1125 1357 1329 1414 Legimus
1374 1357 1510 1414 igitur
1548 1358 1681 1412 yemis
1718 1356 1769 1400 fr.
1799 1356 1841 1400 H
1863 1357 1934 1413 43,

375 1428 604 1469 deducentis
628 1427 678 1469 fr.
698 1426 739 1469 H
757 1428 815 1470 45
840 1427 885 1470 in
909 1427 1175 1470 Berolinensi
1201 1428 1422 1485 rescripto,
1446 1429 1648 1483 hostisque
1669 1428 1720 1470 fr.
1745 1426 1934 1485 11198‚=4‚

373 1499 499 1541 hostis
536 1498 594 1540 ib.
621 1499 665 1554 5,
702 1499 826 1553 Alpis
863 1499 912 1541 fr.
942 1498 1003 1541 HI
1029 1501 1055 1542 5
1087 1499 1132 1542 in
1162 1499 1478 1555 Aurelianensi,
1514 1501 1626 1554 iynis
1660 1499 1710 1542 fr.
1741 1497 1933 1542 111⁴96B

376 1572 418 1611 et
443 1570 492 1612 fr.
518 1569 579 1611 ΙΠ
599 1571 654 1613 98
671 1569 715 1624 O,
739 1570 898 1613 silentis
923 1575 966 1612 et
990 1572 1187 1613 sumentis
1212 1572 1262 1613 fr.
1287 1570 1351 1613 HI
1370 1572 1425 1614 96
1437 1570 1490 1627 D,
1520 1571 1654 1614 Naffis
1677 1570 1727 1613 fr.
1745 1569 1809 1612 111
1827 1569 1933 1613 9813

373 1641 419 1683 in
450 1641 676 1698 Vaticano,
714 1641 818 1696 quin
855 1642 1028 1684 laxioris
1065 1642 1172 1684 falso
1210 1642 1256 1684 in
1287 1642 1434 1684 eodem
1465 1642 1514 1684 fr.
1539 1640 1602 1684 Π]
1626 1643 1682 1685 98
1694 1641 1749 1698 Β,
1786 1643 1934 1684 contra

374 1713 631 1768 paucissima
661 1712 837 1755 alterius
868 1713 1029 1755 formae
1062 1713 1259 1768 exempla
1290 1716 1390 1756 sunt
1418 1716 1579 1768 agentes
1604 1713 1654 1755 fr.
1678 1711 1720 1755 H
1744 1713 1814 1769 98,
1836 1714 1866 1755 4
1891 1715 1934 1754 et

373 1788 569 1827 restantes
605 1785 654 1826 fr.
686 1783 748 1826 HI
773 1785 828 1827 98
844 1783 887 1826 Ο.
927 1810 982 1815 —-
1020 1784 1211 1827 Eandem
1255 1785 1435 1839 praebet
1472 1783 1686 1827 scribendi
1722 1783 1933 1826 rationem

373 1855 607 1898 Vaticanus
639 1855 879 1898 orationum
910 1855 1032 1911 liber,
1063 1856 1108 1897 in
1140 1871 1225 1911 quo
1257 1858 1357 1898 sunt
1387 1856 1631 1898 conserentis
1653 1855 1704 1898 fr.
1729 1853 1751 1897 I
1775 1854 1844 1910 55,
1865 1855 1932 1910 19,

366 1928 534 1982 penatis
563 1926 584 1969 I
611 1929 678 1982 77,
704 1928 773 1982 20,
803 1926 845 1969 II
869 1928 939 1983 47,
965 1929 991 1970 3
1018 1930 1061 1969 et
1085 1928 1125 1983 4,
1155 1926 1197 1969 H
1222 1928 1290 1982 98,
1319 1929 1355 1983 1,
1385 1927 1535 1970 montis
1564 1925 1607 1969 H
1630 1927 1700 1982 47,
1725 1925 1764 1979 6,
1800 1925 1934 1969 omnis

372 1998 414 2042 H
438 2000 507 2055 98,
533 2001 573 2055 2,
601 1999 803 2052 hostisque
833 1998 890 2040 ib.
910 2000 939 2041 4
964 1997 1060 2055 (ubi
1092 1998 1305 2041 consentit
1336 1998 1469 2040 codex
1501 2012 1597 2040 cum
1621 1994 1934 2054 palimpsesto),

373 2071 531 2125 aqentis
556 2070 613 2112 ib.
640 2070 668 2112 4
699 2068 804 2127 (quo
837 2070 931 2112 loco
963 2069 1008 2112 in
1038 2068 1337 2112 Aurelianensi
1369 2073 1530 2124 ayentes
1561 2067 1656 2127 est),
1683 2067 1936 2123 potentisque

373 2141 434 2184 IV
459 2143 528 2196 69,
556 2142 621 2184 17.
684 2140 844 2184 Contra
879 2155 967 2184 non
1003 2140 1087 2183 m'si
1124 2140 1208 2183 tria
1245 2143 1345 2183 sunt
1383 2139 1579 2196 exempla
1615 2138 1790 2182 alterius
1819 2153 1934 2195 usus,

369 2217 505 2267 ymtes
535 2202 556 2254 Ῑ
581 2212 649 2267 55,
673 2213 709 2269 1,
740 2213 869 2255 hostes
893 2211 934 2254 H
960 2213 1028 2268 98,
1048 2212 1075 2255 5
1100 2237 1158 2242 --
1184 2215 1227 2254 et
1257 2211 1328 2254 hic
1358 2211 1516 2254 rectius
1547 2211 1680 2253 habet
1702 2208 1935 2265 rescriptus

372 2284 498 2326 hostis
518 2309 585 2336 —,
610 2297 747 2326 omnes
771 2283 832 2326 IV
857 2285 925 2340 69,
945 2284 1013 2326 20.
1069 2283 1214 2325 Etiam
1243 2282 1459 2326 simillime
1484 2282 1530 2325 in
1553 2281 1746 2324 Parisino
1771 2280 1933 2323 formae

372 2370 450 2410 per
480 2355 535 2397 -is
566 2354 750 2409 scriptae
782 2354 918 2397 multo
951 2354 1187 2397 crebriores
1213 2357 1328 2410 sunt3
1361 2357 1548 2397 ceterum
1574 2352 1687 2409 quod
1716 2352 1763 2395 in
1791 2365 1928 2410 gram-

372 2426 626 2469 maticorum
658 2426 866 2481 exemplis
896 2426 1119 2483 vulgatum
1151 2425 1258 2467 illud
1282 2439 1341 2468 -es
1371 2425 1703 2481 praeferebatur,
1733 2437 1821 2466 non
1851 2425 1928 2480 est,

373 2498 487 2554 quod
506 2497 688 2554 mireris3
713 2500 902 2539 attamen
929 2497 1058 2539 etiam
1083 2497 1128 2539 in
1153 2497 1220 2539 his
1245 2497 1454 2539 habemus
1477 2497 1584 2539 utris
1604 2495 1719 2551 apud
1736 2493 1927 2539 Nonium

372 2569 422 2611 fr.
453 2568 514 2611 IH
540 2570 614 2625 37,
652 2569 821 2611 vitantis
860 2568 905 2610 in
945 2568 1092 2610 eodem
1132 2569 1182 2611 fr.
1214 2567 1275 2610 IV
1300 2569 1376 2624 40,
1415 2568 1548 2610 omnis
1587 2566 1703 2622 apud
1741 2564 1926 2609 Gellium

371 2641 421 2683 fr.
441 2639 461 2683 I
482 2641 567 2683 105
593 2655 641 2682 ac
663 2639 818 2682 similia
837 2639 1054 2694 quaedam.
1105 2639 1270 2690 Quibus
1295 2639 1346 2681 de
1372 2638 1509 2681 causis
1534 2652 1631 2680 cum
1655 2635 1925 2693 comprobari

372 2712 613 2767 putaverim
657 2711 786 2753 etiam
828 2710 1076 2753 Sallustium
1123 2725 1223 2752 suae
1267 2710 1420 2752 aetatis
1463 2709 1675 2752 scribendi
1717 2707 1926 2750 rationem

373 2786 564 2826 secutum
597 2798 700 2840 esse,
732 2783 822 2825 iure
853 2782 1013 2837 ubique
1044 2782 1104 2823 ita
1137 2782 1316 2824 edidisse
1347 2781 1452 2823 mihi
1484 2781 1640 2823 videor,

491 2936 520 2982 Ψ·)
548 2935 749 2970 Schneider
774 2939 842 2970 309
869 2937 906 2970 et
931 2938 1010 2979 310,
1038 2933 1122 2970 CIL.
1145 2938 1212 2969 204
1238 2911 1286 2969 et
1302 2938 1379 2970 603.
