1916 3178
821 173 1083 214 „5—

15 275 16 278 ¹
157 271 387 328 matum
417 276 484 335 (et
512 277 559 320 in
588 277 865 320 Terentianis·
895 276 1214 322 commentariis
1252 283 1295 322 et
1332 280 1377 322 in
1408 283 1500 323 arte
1531 296 1739 338 gramma-

155 341 301 410 flea),
329 348 516 392 Marium
551 348 843 406 Victorinum,
886 350 1182 407 Rufinianum,
1228 351 1492 395 Arusianum
1537 352 1739 409 Messum,

166 416 363 464 Servium
374 418 409 478 ¹)
448 420 564 477 ipsas
604 420 735 463 etiam
775 420 980 464 historias
1020 421 1178 464 vidisse
1218 423 1401 466 forsitan
1441 424 1739 481 concedamus3

128 500 137 526 f
159 490 242 536 ud
264 490 505 548 plerosque,
530 491 643 535 sicut
668 491 911 535 Charisium
936 492 1286 551 Diomedemque,
1312 495 1469 538 artium
1496 495 1738 552 scriptores,

163 561 392 606 Claudium
437 563 675 620 Donatum,
721 562 906 621 Vergilii
954 564 1251 622 interpretem,
1300 569 1519 609 auctorem
1569 567 1737 610 institu-

163 633 352 692 tionum,
389 649 498 692 quae
528 634 661 678 Probi
692 635 866 678 nomine
898 636 1007 678 falso
1040 635 1270 693 inscriptae
1309 641 1427 694 sunt,
1458 639 1737 695 Macrobium,

4 691 8 705 τ
162 705 427 750 Mattianum
452 705 681 763 Capellam,
714 707 977 750 scholiorum
1009 710 1052 750 et
1084 707 1137 749 ad
1163 707 1290 750 Statii
1317 709 1578 752 Thebaidem
1610 713 1653 752 et
1685 711 1738 752 ad

15 822 17 824 ,
163 775 379 822 Iuvenalis
409 777 564 820 satiras
595 780 792 821 auctores
825 793 876 821 ex
908 778 962 821 iis
993 779 1121 835 primi
1155 780 1381 822 secundive
1408 781 1564 822 saeculi
1599 796 1737 838 gram-

83 839 85 841 *
161 848 350 906 maticis,
380 849 539 906 quibus
570 864 742 892 omnem
773 850 862 893 fere
896 850 1135 893 doctrinam
1167 851 1342 907 debent,
1381 852 1511 894 etiam
1543 852 1735 895 Sallustii

51 908 62 949 :⁵
107 942 112 946 ·
160 921 294 964 verba
334 920 509 963 laudata
551 921 785 977 sumpsisse
834 937 961 964 nemo
1007 922 1089 964 erit
1138 923 1243 978 quin
1286 938 1453 966 mecum
1495 924 1735 966 contendat.

161 991 281 1045 Quae
315 992 353 1036 si
389 992 452 1034 ita
472 994 607 1050 sunt,
646 993 776 1035 etiam
813 994 1074 1049 posteriores
1112 995 1435 1051 grammaticos,
1474 995 1736 1052 Cledonium,

60 1108 67 1114 ,
160 1063 433 1121 Pompeium,
465 1063 764 1122 Consentium,
795 1065 1002 1121 Phoeam,
1039 1065 1380 1123 Philargyrium,
1411 1066 1736 1124 Priscianum2),

33 1132 85 1181 Ἴ,
158 1134 415 1192 Eutychem,
447 1135 702 1179 scholiastas
734 1139 1200 1194 commentatoremque
1227 1138 1272 1180 in
1297 1138 1459 1181 Lucani
1490 1139 1736 1181 Pharsalica

62 1259 63 1262 Ἴ
159 1207 276 1264 ipsas
309 1222 398 1251 non
435 1207 672 1264 inspexisse
709 1208 913 1251 historias
950 1224 1026 1265 per
1064 1225 1108 1251 se
1146 1212 1276 1265 patet.
1351 1209 1532 1266 Septimi
1577 1211 1734 1253 saeculi

47 1306 66 1337 s<
159 1279 467 1338 grammaticus
507 1279 782 1323 doctissimus
821 1281 906 1323 fuit
936 1280 1145 1338 Isidorus,
1186 1281 1260 1337 qui
1301 1282 1549 1337 saepissime
1588 1283 1734 1325 laudat

119 1340 122 1341 ⁷
156 1350 352 1395 Sallustii
401 1352 549 1408 verba3
599 1352 674 1395 sed
722 1353 836 1395 hunc
885 1353 1114 1409 plerosque
1164 1353 1262 1396 illos
1312 1353 1430 1396 locos
1475 1370 1497 1397 e
1539 1354 1686 1397 Servio
1697 1354 1732 1411 ³)

156 1423 420 1480 prompsisse
451 1423 649 1480 equidem
682 1424 1028 1467 existimaverim.

277 1494 494 1538 Discimus
532 1495 668 1553 igitur
705 1495 835 1538 etiam
872 1496 1119 1538 ‘doctorum
1162 1497 1290 1539 corda
1326 1497 1539 1540 virorum'
1580 1502 1732 1554 quarto

157 1565 418 1623 ineunteque
455 1567 606 1624 quinto
645 1567 814 1610 saeculo
846 1567 1125 1610 historiarum
1163 1568 1289 1624 plane
1327 1570 1415 1612 fere
1455 1570 1591 1612 oblita
1623 1586 1733 1626 esse,

156 1638 333 1683 omnino
383 1641 528 1682 autom
577 1641 681 1682 tunc
731 1639 824 1695 ipsa
874 1639 1133 1695 scriptorum
1178 1655 1306 1696 opera
1350 1642 1544 1684 evolvere
1589 1658 1731 1699 super—

156 1710 360 1754 sedenmt
389 1710 588 1754 homines
619 1711 810 1755 barbari:
849 1712 995 1768 itaque
1032 1712 1254 1768 perierunt
1291 1728 1377 1756 una
1409 1729 1506 1756 cum
1537 1713 1731 1756 Sallustii

154 1775 351 1826 historiis
385 1782 562 1840 plurimi
599 1784 694 1826 tum
724 1784 854 1840 Livii,
885 1784 1095 1827 Varronis
1135 1784 1319 1828 aliorum
1356 1785 1467 1828 libri.
1509 1811 1568 1816 —-
1607 1786 1731 1830 Unus

154 1847 301 1899 men
331 1854 463 1898 etiam
498 1854 779 1898 historiarum
811 1856 944 1898 codex
980 1856 1126 1912 paullo
1165 1857 1328 1899 diutius
1366 1861 1604 1914 supererat,
1643 1873 1728 1900 sae—

154 1926 446 1984 cfflb-'quarto
481 1927 552 1970 vel
589 1927 740 1983 quinto
779 1930 995 1984 exaratus,
1034 1928 1145 1971 sicut
1182 1927 1390 1986 Hauler4)
1428 1945 1479 1971 ex
1518 1929 1729 1986 scriptura

153 2002 287 2056 reque
316 1999 652 2057 orthographica
682 2000 1026 2057 fragmentorum
1064 2000 1156 2042 iure
1188 2001 1447 2043 conclusisse
1479 2001 1585 2043 mihi
1618 2001 1728 2043 vide·

155 2071 254 2127 tur}
280 2070 357 2114 sed
374 2070 518 2114 *etiam
553 2070 624 2114 hic
661 2086 776 2114 nono
815 2072 903 2114 fere
942 2072 1112 2114 saeculo
1150 2087 1175 2114 a
1206 2072 1393 2115 dementi
1426 2073 1610 2128 quodam
1642 2088 1727 2115 mo—

153 2141 294 2186 nacho
318 2141 574 2186 dilaceratus
601 2146 667 2186 est
692 2143 946 2201 singulaque
973 2143 1065 2186 eius
1090 2144 1194 2186 folia
1220 2144 1358 2187 denuo
1385 2145 1591 2201 rescripta
1617 2148 1728 2188 sunt.

157 2213 290 2258 Cuius
324 2213 426 2259 libri
467 2215 708 2272 complures
746 2215 981 2271 particulae
1019 2216 1213 2272 quamvis
1251 2216 1431 2273 lacerae,
1473 2217 1726 2274 gravissimo

153 2288 300 2330 tamen
330 2289 567 2344 momento,
590 2280 756 2343 'partim
786 2287 953 2344 pridem
984 2287 1070 2329 iam
1100 2290 1293 2343 repertae
1325 2287 1588 2346 (fragmenta
1620 2305 1727 2345 quae

275 2405 311 2451 1)
336 2403 412 2440 Sed
435 2403 535 2439 hunc
552 2403 706 2450 multos,
730 2403 806 2440 nisi
823 2404 922 2440 forte
943 2415 1073 2440 omnes
1092 2404 1208 2450 locos,
1233 2415 1327 2450 quos
1354 2416 1375 2441 e
1396 2405 1576 2442 Sallustio
1604 2406 1724 2451 affert,

131 2509 134 2512 ⁴
153 2474 199 2502 ox
221 2462 359 2511 Aspen-i
383 2462 666 2501 commentariis
690 2463 862 2500 hausisse
894 2463 1071 2509 equidem
1103 2476 1179 2500 non
1202 2464 1438 2510 negaverim,
1472 2465 1517 2502 cf.
1544 2465 1688 2502 Teuffel
1711 2468 1725 2487 ⁵

151 2534 189 2571 p.
209 2526 314 2560 1100.

271 2584 309 2630 2)
333 2583 438 2620 Idem
463 2582 510 2618 de
528 2581 720 2619 Prisciano
733 2582 833 2619 'satis
852 2582 930 2618 iam
955 2583 1228 2620 demonstravit
1246 2583 1368 2629 Vogel
1392 2583 1432 2618 in
1454 2585 1527 2619 act.
1549 2596 1636 2620 sem.
1658 2584 1723 2620 Er-

152 2642 256 2689 lmg.
278 2642 316 2679 11
338 2652 375 2690 p.
401 2646 483 2680 429.

172 2695 174 2699 ’
271 2703 310 2750 ⁸)
331 2703 464 2749 Neque
491 2702 660 2740 Servium
696 2714 818 2749 neque
843 2703 1028 2744 Isidorum
1052 2704 1155 2750 ipsas
1183 2703 1405 2750 cognovisse
1441 2703 1620 2740 historias
1657 2716 1722 2741 suo

150 2761 232 2800 iure
257 2761 454 2800 contendit
477 2762 599 2809 Vogel
624 2775 659 2809 p.
681 2766 762 2800 428.

271 2823 309 2869 4)
334 2821 441 2859 Stud.
459 2821 624 2859 Vindob.
651 2822 737 2859 VIII
761 2834 798 2870 p.
817 2827 899 2860 321.
939 2823 1075 2860 Omnia
1100 2823 1341 2859 historiarum
1367 2823 1598 2869 fragmenta,
1626 2836 1722 2870 quae

152 2881 320 2917 aetatem
355 2880 539 2926 tulerunt,
584 2881 693 2917 unius
735 2881 826 2918 libri
869 2882 1117 2928 manuscripti
1161 2882 1302 2923 lacinia
1339 2893 1422 2918 esse
1461 2884 1723 2930 comprobavit

150 2939 192 2978 P.
225 2939 374 2988 Krfiger
398 2939 439 2976 in
465 2941 584 2987 „Sa11.
612 2952 672 2989 op.
697 2941 756 2978 ed.
781 2941 826 2978 H.
853 2942 995 2979 Jordan
1017 2943 1061 2963 ³⁶⁴
1087 2943 1210 2989 (1887)
1234 2954 1269 2989 p.
1293 2942 1419 2991 133s34
1445 2942 1531 2979 adn.
