1916 3178
879 176 931 179 —
995 151 1050 193 66
1114 177 1166 179 —
1884 165 1893 201 ·-.'

245 255 399 311 agitur,
425 255 477 296 ad
502 255 693 296 Marcum
718 255 1046 312 Pomponium¹)
1071 257 1123 298 ad
1148 256 1486 312 persequendum
1510 0 1916 312 Mithridate]

245 327 447 368 emissum
472 326 684 381 pertinere
712 326 920 369 existimo.
970 327 1036 369 ΙΙ).
1058 330 1082 380 ξ
1102 329 1162 370 28
1190 331 1232 369 et
1258 329 1355 380 §37
1384 327 1443 384 (p.
1463 329 1547 371 441
1569 331 1612 370 et
1637 343 1676 384 p.
1695 327 1804 386 442)

246 397 295 438 de
328 396 539 452 corruptis
570 412 646 452 per
675 397 901 440 Lucullum
933 397 1107 448 Quintio
1146 398 1324 454 aliisque
1357 397 1682 454 magistratibus
1713 399 1803 445 fon-

245 471 332 509 tem
364 467 614 510 Sallustium
645 468 800 511 laudat.

362 537 627 594 Ampelius
659 554 691 581 c.
718 540 781 582 30
811 539 932 596 regni
959 539 1239 582 Mithridatici
1266 540 1388 582 initia
1410 538 1691 595 expliciturus
1715 539 1804 583 lon-

245 609 342 665 gius
368 609 418 650 de
438 609 580 651 Persis
606 609 709 666 agit,
734 610 848 665 quod
872 613 946 651 aut
966 625 988 651 e
1014 610 1154 666 Trogo
1181 608 1429 666 Pompei02)
1455 613 1529 652 aut
1554 625 1607 653 ex
1624 611 1804 655 historia

244 680 386 735 aliqua
417 680 520 722 trita
546 681 803 736 excerpsisse
834 681 1013 722 videtur.
1063 681 1286 723 Postremo
1319 695 1426 736 quae
1459 680 1562 723 dicit
1593 681 1644 724 de
1668 681 1802 739 Darii,

242 749 485 806 Artabazis,
529 751 791 793 Mithridatis
843 767 997 808 genere
1042 752 1168 794 debet
1211 751 1432 807 Sallustio,
1475 751 1634 808 quippe
1676 767 1804 809 quem

243 821 404 877 laudet3
436 822 577 877 ipsum
608 837 707 864 vero
740 821 991 865 Sallustium
1022 822 1177 878 legisse
1203 823 1274 864 vix
1298 822 1514 878 putandus
1545 826 1622 879 est,
1653 823 1728 866 sed
1752 839 1805 873 ex

243 892 424 935 historia
456 893 599 948 aliqua
629 894 960 950 grammaticove
993 893 1120 935 huius
1145 893 1393 935 memoriam
1419 893 1463 935 in
1489 908 1614 937 suum
1642 894 1803 939 librum

242 964 474 1005 transtulit.
525 964 562 1006 E
583 963 785 1006 Sallustio
813 964 948 1020 igitur
967 965 1113 1006 eadem
1139 964 1349 1020 excerpsit
1372 964 1556 1006 Florus
1580 964 1601 1007 I
1623 965 1700 1022 40,
1722 963 1805 1023 1.³)

245 1060 299 1064 —-
331 1034 625 1076 Ammianus
650 1035 980 1077 Marcellinus
1011 1035 1176 1077 XXIII
1203 1037 1241 1090 6,
1267 1036 1328 1078 56
1361 1050 1458 1078 cum
1485 1035 1605 1079 dicit:
1638 1036 1803 1080 ‘cameli

243 1121 268 1146 a
299 1106 547 1148 Mithridate
580 1105 730 1148 exinde
768 1105 812 1163 (i.
841 1121 872 1148 e.
905 1105 1096 1163 Bactria)
1126 1107 1319 1162 perducti
1351 1110 1394 1148 et
1424 1106 1625 1162 primitus
1656 1107 1701 1150 in
1731 1108 1804 1150 ob-

244 1177 406 1218 sidione
445 1176 649 1232 Cyzicena
691 1177 772 1218 visi
809 1176 1013 1218 Romanis
1024 1177 1049 1231 ³,
1086 1177 1238 1219 falsam
1275 1175 1512 1234 Sallustii4)
1557 1178 1803 1234 opinionem

243 1248 429 1303 exhibet,
461 1248 505 1289 in
537 1247 739 1290 Sallustio
771 1247 905 1304 igitur
935 1248 1003 1289 vel
1033 1247 1264 1290 Plutarcho
1296 1248 1377 1290 hoc
1407 1247 1526 1305 legit.

361 1318 553 1360 Auctor
579 1319 635 1360 de
660 1319 786 1360 viris
812 1318 881 1360 ill.
914 1334 946 1360 c.
975 1320 1036 1361 74
1067 1318 1112 1360 in
1136 1319 1303 1361 Luculli
1329 1319 1418 1361 vita
1443 1321 1686 1376 enarranda,
1720 1335 1804 1376 qua

244 1391 429 1432 breviter
466 1390 593 1432 huius
630 1390 732 1431 belli
770 1405 837 1431 res
875 1394 1113 1445 enumerat,
1151 1390 1395 1432 Cornelium
1430 1390 1643 1446 Nepotem
1679 1392 1804 1448 plane

244 1465 415 1504 secutus
452 1476 543 1502 esse
581 1461 768 1515 videtur,
806 1476 933 1516 quem
971 1461 1142 1517 quidem
1179 1462 1229 1503 de
1260 1462 1427 1504 Luculli
1465 1462 1555 1505 vita
1585 1461 1804 1518 scripsisse

245 1530 456 1588 seimus.⁵)
517 1531 581 1574 Id.
615 1547 647 1573 c.
675 1533 730 1574 76
762 1532 907 1574 verba:
946 1532 1243 1574 ‘Mithridates
1280 1547 1354 1574 rex
1384 1532 1514 1575 Ponti
1545 1533 1750 1576 oriundus
1780 1548 1805 1576 a

245 1606 409 1658 septem
428 1602 592 1644 Persis’
621 1618 643 1644 e
662 1603 789 1645 Floro
811 1603 1009 1658 sumpsit3
1035 1603 1178 1658 paullo
1198 1606 1348 1658 postea
1366 1603 1412 1645 in
1435 1603 1596 1646 verbis:
1623 1603 1802 1647 ‘Deinde

245 1690 342 1716 eum
369 1674 533 1716 Cabiris
558 1674 828 1716 resistentem
853 1674 1056 1716 Lucullus
1082 1674 1208 1716 fudit'
1235 1674 1451 1730 miramur,
1476 1689 1551 1716 cur
1576 1674 1804 1717 Gabii-ense

244 1746 517 1802 potissimum
548 1745 757 1800 proelium
790 1745 1194 1787 commemoraverit.

363 1816 563 1858 Plinius
587 1815 636 1858 II
661 1817 759 1859 5235
791 1831 880 1858 rem
910 1819 1054 1858 narrat
1080 1815 1249 1858 aliunde
1280 1816 1474 1872 ignotam
1507 1816 1557 1858 de
1582 1815 1804 1860 Samosata

245 1903 269 1929 a
309 1887 515 1930 Romanis
557 1890 817 1944 expugnata,
863 1903 990 1943 quam
1032 1890 1106 1929 aut
1147 1902 1169 1928 e
1208 1886 1330 1929 Livio
1372 1890 1446 1930 aut
1487 1902 1509 1928 e
1552 1886 1804 1931 Corneliana

243 1959 411 2000 Luculli
442 1958 531 2001 vita
562 1957 761 2014 hausit.⁶)
821 1958 985 2000 Deinde
1016 1957 1082 2000 VI
1111 1960 1170 2001 10
1196 1972 1363 2014 pugnae
1395 1958 1448 1999 ad
1475 1957 1636 2001 Zielam
1666 1959 1803 2001 factae

245 2027 552 2086 mentionem⁷)
583 2029 696 2085 facit,
728 2045 855 2085 quam
880 2029 1022 2071 nescio
1055 2044 1109 2071 an
1135 2044 1186 2070 ex
1210 2028 1392 2084 Nepotis
1421 2027 1676 2086 chronicis⁸)
1707 2043 1804 2085 cog·
1854 2023 1855 2026 ¹

244 2101 411 2143 noverit
442 2100 618 2142 Plinius.

364 2171 618 2213 Diodorus
651 2171 852 2213 Siculus
884 2172 938 2212 fr.
970 2170 1054 2212 lib.
1086 2169 1319 2213 XXXVII
1350 2170 1438 2213 22b
1470 2185 1560 2212 rem
1591 2169 1803 2225 quandam

246 2258 353 2298 quae
380 2242 423 2283 in
450 2242 589 2296 Cyzici
616 2242 836 2284 obsidione
856 2241 1095 2283 Mithridati
1122 2241 1274 2283 accidit
1300 2244 1484 2296 enarrat3
1511 2241 1584 2283 sed
1609 2240 1659 2282 de
1684 2241 1803 2283 fonte

367 2419 402 2462 1)
429 2417 482 2453 Cf.
507 2418 643 2452 Memn.
670 2429 699 2452 c.
727 2421 783 2462 45,
813 2422 841 2452 1.

365 2479 400 2520 2)
427 2476 480 2512 Cf.
499 2476 686 2521 Wolfflin‚
713 2476 789 2521 „de
814 2476 853 2512 L.
874 2475 1036 2520 Ampelii
1062 2475 1158 2510 libro
1184 2475 1429 2512 memoriali.“

366 2540 401 2579 3)
427 2535 479 2571 Cf.
505 2535 613 2579 Heyn
638 2534 662 2571 1.
688 2535 712 2571 l.
738 2547 773 2580 p.
795 2538 850 2570 51.

364 2597 399 2639 4)
426 2594 479 2630 Cf.
505 2594 604 2631 Plut.
630 2594 713 2629 Luc.
739 2599 798 2629 11:
825 2595 1054 2630 Σαλουστίου
1087 2594 1128 2630 δὲ
1159 2594 1342 2640 θαυμάζω
1372 2593 1454 2629 τότε
1485 2599 1632 2639 πρῶτον
1663 2589 1798 2639 ὦφθαι

241 2653 434 2699 Ῥωμαίοις
458 2652 646 2698 καμήλους
670 2651 849 2698 λέγοντος.

366 2715 401 2756 5)
427 2711 479 2747 Of.
505 2711 602 2747 Plut.
629 2711 715 2747 Luc.
741 2716 798 2747 43.

367 2772 401 2816 6)
427 2770 480 2806 Cf.
506 2770 668 2807 indicem
693 2782 752 2817 ap.
778 2770 902 2805 Brunn
927 2782 963 2816 p.
983 2775 1017 2807 4.

366 2832 402 2874 7)
431 2829 587 2866 ‘Civitas
614 2829 717 2864 Ziela
740 2828 856 2874 intus,
884 2828 1024 2864 nobilis
1050 2829 1156 2864 clade
1182 2828 1344 2866 Triarii?

366 2891 401 2932 8)
429 2887 481 2922 Cf.
508 2888 634 2923 Brunn
659 2901 694 2933 p.
713 2892 766 2925 19.
