1976 3190
296 158 353 200 60
779 156 934 192 Sallusti
959 158 1210 194 Historiarum
1235 158 1298 194 lib.
1320 159 1362 194 H.

355 266 486 307 ‘Haec
517 266 564 307 in
587 265 734 320 Africo
764 266 875 307 mari
906 265 1039 323 (Isid.
1171 266 1301 308 Mela
1320 265 1361 308 II
1383 267 1484 309 123:
1511 264 1720 308 ‘Sardinia
1737 265 1857 322 Afri·

296 337 417 393 orig.
445 335 548 378 XIV
574 337 613 391 6,
639 335 714 393 39)
743 337 852 391 facie
882 337 1042 391 vestiqii
1111 352 1202 380 cam
1219 338 1393 392 pelayus
1413 337 1616 392 attingens
1638 336 1722 380 nisi
1741 337 1856 394 quod

293 408 467 449 humani
503 407 550 448 in
592 407 785 449 orientem
827 422 952 461 quam
993 409 1040 451 in
1111 409 1158 451 in
1182 409 1421 451 occidentem
1445 422 1570 462 quam
1593 409 1640 451 in
1663 408 1855 452 orientem

249 479 273 519 2
299 478 539 520 occidentem
552 477 675 520 latior
679 477 970 536 prominetffr.
980 478 1039 536 2),
1111 481 1326 535 angustius
1361 483 1527 533 spectat,
1562 494 1649 534 par
1683 483 1723 523 et
1755 493 1855 535 qua-

293 549 425 591 ferme
442 549 620 603 paribus
639 549 843 602 lateribus,
869 564 976 605 quae
995 550 1041 593 in
1113 553 1235 594 drata
1264 549 1480 605 undique?

293 619 512 665 meridiem
533 622 575 662 et
595 620 930 675 septentrionem
949 636 1041 664 ver·
1171 621 1255 664 Sil.
1281 620 1390 663 Ital.
1417 620 1499 663 XII
1525 622 1628 665 358:

293 693 403 748 tunt,
435 706 487 733 ex
514 705 598 746 quo
625 727 633 734 .
655 725 662 732 .
685 726 692 733 .
714 725 721 733 .
748 706 775 733 a
804 693 1039 746 navz'ycmti-
1111 691 1228 734 ‘Inde
1254 693 1435 735 Ichnusa
1457 693 1583 747 prius
1614 691 1745 736 Grais
1773 707 1854 737 mc-

293 763 366 805 bus
401 761 652 805 Graecorum
684 762 866 804 Ichnusa
901 763 1037 817 appel·
1438 767 1601 807 morata
1630 763 1800 816 colonis,·

245 836 272 876 3
292 833 379 875 lata
394 834 536 887 estffr.
552 831 851 889 3).-—Sardus
864 834 1039 877 Hercule
1110 833 1212 877 Mox
1257 834 1410 889 Libyci
1460 833 1620 878 Sardus
1663 849 1854 890 ⁴qemzroso

290 908 524 958 procreatus
549 918 644 946 cum
669 918 824 961 magna
848 905 1039 947 multitu-
1441 906 1642 961 sanquine
1669 906 1801 962 fidens

293 975 391 1017 dine
428 990 455 1018 a
491 975 625 1030 Istbya
658 977 866 1030 profectus
902 975 1040 1018 Sardi-
1110 975 1303 1020 Herculis
1325 991 1374 1020 ex
1391 991 1475 1021 sese
1493 978 1669 1021 mutwvit
1683 977 1855 1021 nomina

293 1046 408 1088 niam
441 1046 664 1102 occupavit
695 1051 733 1090 et
755 1061 804 1090 ex
827 1061 900 1090 suo
925 1061 1040 1090 voca·
1224 1099 1227 1104 ⁵
1443 1048 1599 1092 terrae?

293 1117 385 1160 bulo
415 1118 578 1160 insulae
607 1132 754 1161 nomen
784 1118 920 1161 dedit?

411 1188 516 1231 Post
542 1188 721 1231 Sardum
745 1189 893 1233 Norax
919 1189 1139 1232 advenisse
1165 1190 1332 1248 dicitur,
1357 1190 1510 1234 Solin.
1529 1190 1592 1234 IV
1613 1192 1654 1234 1:
1681 1190 1853 1234 ‘Sardus

293 1259 495 1316 Hercule,
538 1260 687 1303 Norax
728 1260 940 1303 Mercurio
984 1261 1198 1320 procreati
1242 1260 1313 1319 (cf.
1351 1262 1582 1306 Pausan.:
1624 1263 1761 1305 παῖδα
1804 1259 1853 1306 δὲ

244 1333 272 1374 4
289 1329 519 1387 Ἐρυθείας
551 1348 596 1374 τε
628 1338 714 1387 τῆς
742 1333 1012 1387 Γερυόνου
1043 1331 1119 1389 (fr.
1145 1330 1193 1389 4)
1224 1332 1297 1375 καὶ
1317 1332 1478 1390 Ἑρμοῦ
1504 1332 1712 1388 λέγουσιν
1737 1330 1851 1376 εἶναι

292 1403 369 1444 τὸν
402 1401 614 1459 Νώρακα)
647 1417 742 1444 cum
774 1402 883 1444 alter
913 1418 937 1444 a
967 1402 1126 1459 Libya,
1164 1403 1266 1446 alter
1299 1402 1355 1446 ⁴ab
1392 1418 1518 1458 usque
1551 1404 1739 1447 Tartesso
1768 1403 1851 1447 Hi,-

246 1477 272 1518 5
291 1474 464 1527 spaniae
494 1472 568 1531 (fr.
596 1471 643 1530 5)
675 1473 720 1515 in
750 1474 878 1516 hosce
909 1474 1015 1516 fines
1047 1474 1393 1532 permeavissent,
1424 1490 1449 1516 a
1479 1474 1611 1518 Sardo
1641 1477 1792 1526 terrae,
1826 1490 1852 1518 a

291 1543 457 1587 Norace
481 1543 623 1587 Norae
657 1544 817 1600 oppido
849 1559 1006 1587 nomen
1037 1544 1210 1587 datum.9

382 1615 465 1658 Sil.
487 1614 567 1657 XII
587 1616 690 1658 365:
723 1615 869 1658 ‘Fama
896 1619 960 1658 est
988 1631 1083 1658 cum
1103 1616 1253 1658 laceris
1271 1615 1463 1659 Actaeon
1482 1617 1626 1659 flebile
1645 1617 1850 1660 membris

381 1686 649 1741 Supplicium
680 1686 818 1728 lueret
849 1690 1064 1742 spectatae
1097 1687 1141 1729 in
1172 1688 1291 1730 fonte
1321 1687 1496 1744 Dianae,

378 1757 626 1800 Attonitum
658 1757 848 1800 novitate
880 1758 981 1800 mali
1013 1758 1174 1814 fugisse
1207 1760 1428 1813 parentem

380 1829 462 1871 Per
491 1830 602 1870 freta
632 1828 877 1871 Aristaeum
910 1832 952 1871 et
985 1829 1166 1872 Sardoos
1198 1829 1280 1871 isse
1312 1843 1523 1885 recessus3

244 1904 270 1945 6
383 1893 566 1955 Cyrenen
597 1904 844 1943 monstrasse
874 1900 1018 1942 ferunt
1048 1915 1158 1942 nova
1189 1900 1317 1942 litora
1347 1900 1545 1943 matrem?
1588 1900 1664 1957 (fr.
1691 1900 1749 1959 6).

245 1975 267 2016 7
408 1972 466 2013 Et
484 1971 719 2013 Daedalum
739 1971 961 2014 Aristaeus
988 1986 1130 2013 secum
1153 1971 1354 2013 habuisse
1374 1971 1510 2013 fertur
1528 1971 1603 2029 (fr.
1627 1970 1683 2028 7).
1728 1971 1845 2015 ‘Mox

289 2042 534 2085 Aristaeum
554 2041 726 2099 (Solin.
741 2042 803 2085 IV
823 2041 869 2100 2)
893 2043 1110 2099 regnando
1136 2042 1203 2084 his
1229 2042 1474 2098 proximum
1494 2042 1539 2085 in
1557 2042 1665 2085 urbe
1685 2042 1846 2086 Caralis

289 2129 417 2170 quam
457 2114 703 2156 condiderat
743 2114 836 2169 ipse
877 2114 1103 2157 coniuncto
1147 2114 1310 2169 populo
1351 2113 1574 2170 utriusque
1613 2113 1846 2172 sanguinis,

289 2186 457 2242 seiuges
495 2200 628 2240 usque
666 2185 719 2226 ad
751 2200 795 2227 se
826 2189 976 2242 gentes
1008 2186 1060 2227 ad
1098 2200 1230 2227 unum
1267 2200 1428 2227 morem
1466 2185 1734 2243 coniugasse,
1770 2185 1844 2228 im-

289 2257 455 2312 perium
486 2271 535 2299 ex
565 2257 784 2299 insolentia
813 2257 920 2299 nihil
951 2256 1220 2310 aspernatas?

377 2327 621 2370 Adfluxere
653 2327 782 2369 etiam
814 2326 917 2384 (Sil.
942 2326 1024 2369 XII
1049 2325 1155 2384 361)
1187 2329 1230 2368 et
1261 2327 1381 2369 sedes
1412 2341 1594 2382 posuere
1625 2330 1791 2371 coactas

182 2400 220 2454 8,
240 2401 266 2442 9
376 2399 570 2453 Dispersi
591 2398 739 2453 pelago
762 2402 859 2451 post
887 2402 1004 2440 eruta
1035 2398 1244 2453 Peryama
1277 2399 1423 2440 Teucri
1453 2397 1528 2455 (fr.
1555 2399 1594 2453 8,
1624 2396 1672 2455 9)

374 2469 466 2513 Nec
496 2483 675 2525 parvum
708 2469 834 2511 decus
866 2469 1041 2511 advecto
1074 2484 1170 2511 cum
1201 2469 1333 2511 classe
1365 2471 1544 2524 paterna

375 2539 561 2597 Agmine
592 2539 880 2595 Thespiadum
912 2540 1049 2596 terris,
1080 2539 1208 2597 Iolae,
1239 2539 1419 2582 dedisti?

405 2611 502 2662 ‘Qui
529 2610 702 2669 (Solin.
728 2610 748 2652 I
775 2609 850 2668 61)
879 2610 1117 2653 Sardiniam
1143 2610 1361 2667 ingressus
1386 2610 1582 2666 palantes
1605 2609 1840 2653 incolarum

286 2682 452 2725 animos
494 2682 546 2724 ad
589 2681 856 2724 concordiam
897 2681 1140 2723 eblanditus
1177 2680 1348 2723 Olbiam
1391 2683 1519 2736 atque
1561 2681 1645 2723 alia
1682 2679 1842 2724 Graeca

286 2753 446 2809 oppida
477 2752 695 2796 extruxit.²
1396 2775 1398 2778 v

402 2823 517 2866 Isid.
543 2824 569 2866 1.
596 2824 640 2866 1.;
678 2823 823 2866 ‘Terra
855 2825 975 2878 patet
1007 2822 1051 2865 in
1087 2822 1356 2880 longitudine
1387 2822 1506 2865 milia
1538 2821 1658 2880 CXL,
1693 2823 1837 2867 latitu-

285 2894 381 2937 dine
412 2894 499 2937 XL.
