1916 3178
800 159 1062 198 ..7-

2 284 5 286 ·
41 257 78 315 3}
141 266 288 326 genta
317 264 538 311 codicibus
563 267 732 307 servata
757 264 970 321 sagaciter
1002 266 1311 322 interpretatus
1337 270 1413 322 est,
1447 267 1493 310 G.
1514 267 1718 325 Linker¹)

65 342 67 346 ⁴
144 337 197 381 de
244 336 385 394 primo
440 335 668 392 praecipue
722 335 1002 379 historiarum
1058 338 1170 380 libro
1228 339 1335 381 bene
1392 342 1717 396 commentatus,

51 393 71 435 *i*
142 407 361 465 Wsslfflin,
397 407 472 464 qui
509 422 606 450 cum
637 407 759 463 alibi,
797 410 890 450 tum
928 408 974 450 in
1011 409 1212 452 editionis
1244 411 1546 454 Dietschianae
1577 427 1717 454 recen—

140 479 262 524 sione
271 477 307 538 ²)
347 479 398 523 de
439 479 588 523 multis
629 478 752 522 docte
794 479 1047 536 disputavit,
1084 481 1266 538 Hauler‚
1313 483 1385 538 qui
1429 498 1566 538 nuper
1605 499 1716 525 nova

139 549 468 595 Aurelianensia
497 551 741 607 fragmenta
773 553 816 592 et
847 551 955 607 legit
987 551 1204 608 ediditque
1236 556 1279 595 et
1311 554 1556 596 acutissime
1588 555 1715 597 inter-

47 659 70 667 .,
138 624 335 679 pretatus
372 625 454 679 est,
496 621 679 678 denique
717 636 845 678 quem
883 622 969 664 iam
1006 623 1142 666 totius
1180 625 1321 680 operis
1359 626 1614 668 restituendi
1646 642 1715 668 ne-

88 693 96 699 *
139 693 309 751 gotium
334 693 586 738 'subiturum
616 693 892 736 vehementer
930 694 1212 751 speravimus,
1244 696 1456 738 Henricus
1488 697 1515 739 J
1519 697 1715 740 ordanus.

139 764 222 816 Qui
247 764 301 807 de
325 763 479 808 ceteris
504 763 698 807 Sallustii
731 764 902 820 scriptis
929 758 1176 808 iamdudum
1203 767 1363 822 optime
1389 768 1569 810 meritus
1601 773 1714 824 post-

139 851 270 893 quam
301 835 432 879 etiam
463 835 515 878 de
546 835 675 878 rebus
714 835 759 878 in
796 836 991 879 historiis
1022 838 1209 880 narratis
1247 853 1294 880 ac
1334 839 1384 881 de
1424 855 1571 882 earum
1603 842 1714 897 frag-

137 907 296 952 mentis
328 907 452 951 docte
483 906 747 964 disseruit3),
788 907 873 950 iam
912 908 957 951 in
995 924 1044 951 eo
1084 912 1175 952 erat
1214 913 1261 952 ut
1300 911 1352 952 ad
1390 926 1545 953 novam
1583 912 1715 954 histo-

137 979 299 1023 riarum
335 979 569 1022 editionem
605 979 842 1036 accederet,
884 995 981 1022 cum
1018 984 1292 1036 praematura
1328 983 1547 1038 flebilique
1580 999 1716 1039 nuper

141 1053 282 1095 morte
305 1050 439 1095 ,nobis
471 1053 643 1106 ereptus
675 1053 752 1093 est.

254 1122 384 1167 Nune
414 1122 588 1179 quidem
619 1122 656 1164 si
687 1122 891 1165 historias
923 1124 1150 1166 restituere
1177 1125 1457 1182 studebimus,
1489 1127 1714 1169 admonen-

142 1193 246 1238 dum
276 1194 376 1252 erit,
411 1209 467 1238 ne
497 1194 741 1251 fragmenta
772 1197 942 1237 tantum
981 1196 1235 1253 colligamus
1273 1200 1401 1253 atque
1440 1198 1484 1240 in
1522 1198 1713 1240 ordinem

137 1265 402 1323 redigamus,
442 1265 517 1308 sed
557 1268 606 1308 ut
645 1281 815 1308 omnem
848 1266 1041 1309 Sallustii
1084 1267 1335 1310 memoriam
1374 1269 1487 1325 apud
1517 1273 1713 1325 posteros

131 1336 368 1393 scriptores
397 1337 664 1380 reconditam
695 1338 1005 1395 investigemus
1037 1354 1086 1381 ac
1112 1355 1404 1396 congeramus.
1457 1341 1580 1383 Hane
1612 1342 1713 1383 reei-

132 1409 312 1466 perandi
351 1408 546 1452 Sallustii
586 1409 701 1451 viam
741 1409 924 1465 praeivit
969 1410 1019 1452 de
1060 1410 1279 1467 Brossius,
1323 1412 1433 1455 hanc
1479 1414 1712 1455 ostendunt

134 1480 327 1538 Scaliger
356 1480 565 1537 Eusebio,
597 1480 803 1524 Suetonio
835 1481 1144 1524 Reifferscheid
1176 1483 1407 1540 restitutis,
1440 1485 1549 1527 hanc
1582 1485 1711 1527 etiam

134 1551 425 1596 Wilamowitz
456 1551 502 1595 in
532 1552 676 1595 animo
708 1553 911 1596 habuisse
942 1553 1129 1610 videtur,
1161 1569 1258 1596 cum
1285 1554 1506 1613 diceret⁴):
1543 1556 1711 1612 „Wenn

131 1638 234 1668 man
263 1626 355 1667 erst
389 1623 473 1667 den
502 1623 703 1680 Ephoros
741 1625 828 1667 und
860 1625 1075 1682 Timaeos,
1106 1625 1397 1681 Apollodoros
1434 1627 1535 1683 περὶ
1572 1632 1710 1683 θεῶν,

131 1694 445 1752 Aristophanes
475 1694 632 1751 λέξεις,
673 1695 753 1738 die
791 1696 1065 1739 Historien
1105 1697 1191 1739 des
1231 1697 1446 1754 Sallust,
1489 1699 1556 1741 die
1587 1698 1708 1741 Anti-

132 1766 330 1824 quitiiten
359 1766 434 1810 des
464 1763 603 1810 Varro
642 1767 687 1810 in
718 1767 857 1810 dieser
889 1767 1035 1810 Wbise
1068 1768 1351 1812 inhaltlich
1384 1770 1709 1827 rekonstruiert,

132 1838 247 1883 darm
288 1838 397 1882 wird
439 1838 510 1881 ein
551 1854 685 1882 neues
728 1839 874 1882 Leben
923 1840 968 1882 in
1018 1840 1085 1882 die
1129 1839 1284 1883 Arbeit
1333 1842 1551 1898 kommen,
1603 1843 1708 1884 wird

130 1910 334 1955 manches
359 1909 570 1967 Gespenst
594 1912 857 1968 gescheucht
883 1912 975 1954 sein
1001 1912 1088 1954 und
1114 1912 1182 1954 die
1207 1912 1322 1955 Ziele
1349 1913 1486 1955 hoher
1511 1915 1708 1970 gesteckt

130 1981 320 2040 werden,
357 1981 425 2024 die
455 1981 671 2025 Kenntnis
709 1983 754 2025 in
785 1983 852 2025 die
885 1983 1035 2026 Tiefen
1067 1984 1142 2026 der
1179 1984 1357 2027 antiken
1388 1985 1707 2028 Wissenschaft

130 2053 314 2112 dringen
348 2052 534 2097 konnen
537 2054 560 2076 “
620 2054 759 2106 Quare
796 2055 984 2111 primum
1022 2055 1328 2113 disceptemus,
1367 2072 1475 2112 quae
1514 2073 1581 2099 ies
1621 2073 1705 2113 quo

127 2127 375 2186 temporum
406 2125 555 2169 ordine
586 2126 710 2169 annis
744 2128 767 2170 7
773 2128 862 2170 8
873 2128 930 2171 66
969 2127 1083 2170 domi
1122 2127 1386 2184 militiaeque
1427 2131 1574 2207 gestae
1607 2129 1705 2185 sint,

131 2196 285 2240 deinde
309 2197 525 2253 quomodo
550 2197 781 2241 Sallustius
807 2214 878 2241 eas
905 2199 1176 2241 enarraverit
1229 2199 1321 2250 Quo
1348 2200 1460 2242 cirea
1485 2200 1530 2242 in
1557 2216 1704 2242 omnes

129 2266 204 2324 qui
235 2267 287 2310 de
324 2267 393 2310 his
429 2269 553 2312 annis
591 2273 774 2326 egerunt
811 2270 1042 2326 scriptores
1081 2270 1383 2326 inquirendum
1423 2274 1508 2328 est,
1547 2272 1704 2327 quibus

127 2339 324 2383 fontibus
353 2339 420 2382 usi
453 2339 558 2396 sint,
595 2343 689 2383 tum
720 2340 751 2383 ii
784 2356 932 2383 eorum
969 2341 1071 2397 loci,
1112 2342 1185 2397 qui
1219 2356 1240 2383 e
1273 2341 1479 2384 Sallustio
1514 2344 1702 2399 excerpti

127 2410 345 2468 videntur,
375 2410 606 2468 colligendi
638 2414 681 2454 et
713 2412 967 2468 disponendi
998 2415 1110 2455 sunt.
1173 2413 1265 2463 Quo
1298 2414 1412 2456 facto
1438 2414 1538 2456 huic
1570 2415 1702 2457 histo-

126 2481 288 2534 riarum
313 2481 670 2527 Sallustianarum
700 2483 880 2542 imagini
912 2484 1208 2541 breviarioque
1240 2485 1569 2528 intermiscenda
1601 2489 1702 2528 sunt

0 2575 4 2599 :
75 2603 79 2607 ,
126 2553 264 2611 ipsius
292 2554 441 2611 verba,
482 2569 590 2611 quae
626 2555 801 2598 nomine
837 2555 1011 2599 laudato
1052 2571 1077 2598 a
1114 2556 1395 2613 grammatico
1438 2556 1698 2612 scriptoreve

245 2684 282 2731 1)
303 2683 454 2730 Linker‚
479 2683 749 2731 „historiarum
772 2684 1007 2731 prooemium
1032 2698 1052 2722 e
1071 2686 1242 2731 reliquiis
1268 2687 1467 2722 restituere
1493 2687 1688 2722 tentavit“

126 2743 232 2792 (diss.
244 2743 436 2790 Marburg.
450 2746 569 2790 1850),
590 2744 727 2781 deinde
745 2744 787 2780 in
798 2745 1079 2792 „Sitzungsben
1101 2746 1136 2782 d.
1151 2746 1274 2782 Wien.
1290 2746 1436 2783 Akad.‘⁵
1454 2748 1545 2782 1854
1565 2746 1696 2792 (XIII).

246 2805 284 2849 2)
307 2802 444 2840 Philol.
469 2803 573 2840 XVII
598 2805 721 2850 (1861)
746 2816 782 2850 p.
804 2809 884 2842 519.

245 2864 284 2911 3)
306 2862 432 2900 Herm.
451 2863 485 2900 V
510 2875 546 2910 p.
566 2867 648 2908 396,
666 2863 752 2900 XIV
776 2876 811 2910 p.
832 2868 918 2910 634,
944 2865 1020 2900 ind.
1047 2865 1132 2901 lect.
1154 2865 1299 2910 Regim.
1325 2864 1365 2900 in
1390 2866 1472 2902 aest
1504 2869 1608 2902 1887.

245 2925 286 2970 4)
312 2923 552 2971 „Antigonus
576 2934 651 2961 von
674 2923 900 2970 Karystios“
926 2925 1050 2972 (1881)
1076 2937 1111 2973 p.
1133 2930 1166 2961 5.
