1916 3178
863 138 1151 180 „74-

229 244 420 285 oratione
447 240 594 285 'multo
632 243 803 285 brevius
840 240 1071 298 loquentes*
1104 242 1216 284 fecit.
1284 241 1489 285 Attamen
1526 236 1788 286 Gabiniam&

228 316 528 369 argumentum
561 312 732 367 quidem
769 328 791 354 e
822 313 1025 355 Sallustio
1038 311 1070 369 ¹)
1108 315 1329 354 mutuatus
1367 316 1443 354 est.
1500 306 1786 370 Appianum

228 384 358 426 etiam
390 398 422 425 c.
456 384 656 426 92—96
689 398 711 425 e
743 383 951 426 Strabone
982 383 1175 426 hausisse
1208 383 1438 426 secundum
1470 398 1520 426 ea
1550 399 1658 440 quae
1681 378 1789 428 ow»

231 454 432 496 disseruit
465 457 643 496 constat.
704 454 878 496 Etenim
911 454 961 495 de
992 454 1253 509 praedonum
1284 454 1420 496 initiis
1450 453 1572 510 App.
1598 456 1786 504 92—*93

229 541 324 567 cum
351 524 488 567 Strab.
514 525 564 566 fr,
591 525 648 567 95
673 540 810 580 neque
836 525 977 566 minus
1003 539 1035 566 6.
1068 526 1129 567 96
1162 525 1212 566 (16
1237 525 1608 580 Ρ11611566Ρ1Ε1ν18
1638 528 1787 582 postea

230 596 273 638 in
312 595 483 638 Ciliciae
521 595 675 651 oppida
718 595 910 638 deductis
954 610 1050 637 cum
1087 595 1248 637 Strab.
1288 596 1343 637 fr.
1377 598 1439 638 96
1477 596 1538 638 ita
1574 596 1788 640 consentit

228 670 275 708 ut
296 670 474 722 uterque
496 667 691 722 ἱστορικὰ
715 666 1005 722 ὑπομνήματα
1030 666 1288 722 excerpsisse
1308 666 1523 722 putandus
1542 666 1610 709 sit.
1652 667 1786 711 Porro

228 737 324 779 inde
363 738 478 792 quod
508 736 731 792 Appianus
767 752 800 778 c.
828 738 890 779 95
930 737 979 778 de
1016 737 1262 778 nominibus
1301 737 1558 794 legatorum,
1595 738 1669 794 qui
1693 736 1787 781 sub'

168 834 173 840 ·
227 808 431 863 Pompeio
472 808 632 850 bellum
672 807 899 863 piraticum
939 807 1357 863 administraverant,
1401 809 1650 864 plerumque
1691 822 1787 852 oon-

227 879 359 921 sentit
391 894 487 920 eum
518 879 645 920 Floro
677 878 798 934 141,
836 878 1047 934 discrepat
1077 879 1128 920 de
1166 882 1370 934 quattuor
1409 882 1578 922 tantum
1607 879 1788 923 nomini-

228 951 327 1005 bus,
364 950 631 1006 intellegitur
662 952 705 991 et
735 949 904 991 Livium
936 952 979 991 et
1010 949 1263 991 Strabonem
1295 950 1509 992 similibus
1538 950 1607 994 vel
1637 948 1787 994 iisdem

230 1021 318 1062 fere
350 1036 450 1062 usos
481 1036 573 1062 esse
604 1020 860 1062 auctoribus.

345 1092 678 1134 Plutarchum
702 1091 815 1134 vitae
840 1092 1123 1146 Pompeianae
1149 1107 1181 1133 6.
1208 1094 1407 1136 24-28
1433 1091 1637 1135 Sallustio
1662 1105 1787 1136 usum

232 1178 324 1204 esse
363 1163 453 1204 solo
491 1163 619 1204 Peter
655 1163 947 1217 contenderat,
985 1163 1052 1204 cui
1084 1163 1288 1205 adsensus
1319 1166 1384 1205 est
1416 1162 1575 1220 Ottofl)
1635 1163 1786 1207 Paullo

228 1233 386 1274 rectius
435 1233 574 1289 Vogel
624 1233 878 1275 Strabonem
928 1234 1092 1275 fontem
1142 1248 1233 1275 esse
1283 1233 1495 1276 iudicavit.
1574 1235 1786 1291 Equidem

227 1303 425 1345 existimo
453 1303 582 1345 etiam
609 1304 688 1345 hac
713 1304 757 1345 in
783 1307 902 1358 parte
922 1304 1200 1346 Plutarchum
1221 1305 1511 1359 compluribus
1537 1320 1588 1348 ex
1607 1306 1786 1351 auetori-

227 1375 308 1416 bus
327 1374 571 1431 (praecipue
590 1375 711 1416 Livio
733 1378 775 1416 et
795 1374 1015 1429 Strabone,
1042 1375 1255 1416 interdum
1276 1373 1500 1432 Sallustio)
1519 1377 1787 1420 contexuisse

226 1445 525 1487 narrationem.
587 1446 783 1501 Namque
821 1461 854 1488 6.
888 1447 950 1488 24
989 1446 1039 1487 (16
1080 1445 1215 1487 initiis
1253 1446 1488 1500 piratarum
1518 1447 1627 1490 nihil
1657 1447 1788 1490 habet

227 1532 323 1558 cum
349 1517 497 1558 Dione.
519 1532 551 1558 c.
580 1519 754 1560 20—23
787 1517 812 1559 i.
839 1532 872 1558 e.
905 1516 1108 1559 Sallustio
1141 1531 1363 1558 commune
1395 1521 1437 1560 et
1467 1532 1787 1574 nonnumquam

227 1588 425 1644 congruit
451 1603 547 1630 cum
572 1586 769 1643 Appiano
796 1603 827 1629 6.
855 1589 1041 1630 92-93.
1092 1574 1298 1629 Graecum
1323 1591 1467 1630 autem
1491 1589 1654 1631 fontem
1674 1591 1787 1632 certe

227 1659 393 1700 ostendi
425 1662 530 1714 puto
563 1658 634 1714 iis,
666 1673 774 1714 quae
811 1659 861 1700 de
901 1658 1117 1713 occupatis
1153 1673 1229 1713 per
1264 1659 1497 1714 praedones
1533 1659 1707 1715 templis
1742 1663 1787 1714 ct

229 1730 414 1771 inductis
446 1745 521 1785 per
547 1730 717 1771 eosdem
741 1729 864 1772 novis
895 1728 1175 1785 religionibus
1207 1730 1459 1786 referuntur.
1508 1730 1654 1773 Etiam
1677 1745 1787 1787 quae

226 1801 357 1842 habet
389 1801 439 1842 de
465 1800 643 1842 Sextilio
670 1800 945 1855 Bellienoque
978 1803 1021 1842 et
1045 1799 1224 1842 Antonii
1250 1800 1338 1842 filia
1363 1801 1554 1858 captivis,
1584 1802 1787 1859 leguntur

227 1872 314 1913 fere
347 1872 459 1926 apud
489 1870 790 1928 Appianum.³)
822 1897 877 1902 —
910 1871 992 1913 Sed
1023 1871 1121 1913 finis
1153 1870 1305 1926 capitis
1337 1871 1434 1914 inde
1465 1873 1537 1915 ab:
1571 1870 1783 1923 §nervosis'

227 1939 282 1997 ἦν
319 1943 619 1998 ὑβρικώτατον
655 1947 745 1985 κτλ.
785 1942 967 1984 latinum
1010 1942 1152 1997 prodit
1199 1945 1415 1984 auctorem
1447 1958 1584 1986 suum
1625 1944 1788 1987 verbis:

228 2012 424 2056 ὑπέδουν
466 2022 558 2064 τοῖς
600 2017 794 2064 καλκίοις
836 2014 990 2068 αὐτόν,
1033 2028 1163 2068 quare
1205 2013 1310 2054 haec
1352 2014 1497 2055 fabula
1538 2014 1660 2058 Livio
1704 2015 1786 2058 for-

228 2087 341 2127 tasse
373 2085 646 2127 attribuenda
671 2085 762 2127 erit.
797 2111 850 2114 —
883 2084 1047 2126 Deinde
1073 2099 1106 2126 c.
1133 2085 1195 2127 25
1220 2100 1306 2126 non
1332 2100 1354 2126 e
1380 2085 1587 2127 Strabone
1612 2086 1786 2128 fluxisse

231 2155 440 2209 existimo,
473 2155 628 2210 quippe
655 2170 781 2210 quem
807 2155 857 2196 de
884 2155 1155 2197 contionibus
1180 2155 1340 2197 Romae
1366 2155 1526 2198 habitis
1551 2156 1786 2212 ceterisque

231 2225 490 2267 tumultibus
528 2229 616 2267 tam
654 2226 792 2281 ample
831 2226 1080 2267 disseruisse
1112 2226 1253 2268 minus
1284 2226 1514 2269 verisimile
1545 2227 1618 2283 sit3
1648 2241 1786 2284 neque

229 2296 400 2338 omnino
439 2295 593 2337 Strabo
631 2311 698 2338 res
737 2297 921 2337 urbanas
960 2297 1145 2338 curabat.
1207 2297 1353 2339 Unum
1384 2298 1564 2339 fortasse
1596 2298 1785 2340 enuntia·

228 2370 321 2409 tum
359 2382 381 2408 e
414 2366 614 2409 Straboni
646 2366 853 2409 insertum
885 2370 968 2409 est:
1006 2373 1134 2410 τοῦτο
1167 2365 1215 2410 δὲ
1247 2368 1300 2410 οὐ
1330 2368 1448 2410 πάνυ
1477 2369 1618 2411 πολλὰ
1647 2372 1784 2426 χωρία

350 2522 383 2565 1)
411 2519 464 2555 Cf.
488 2531 517 2555 c.
532 2523 588 2563 29,
609 2523 646 2554 2:
673 2518 765 2564 μηδὲ
792 2517 848 2554 ὅτι
874 2518 971 2560 τινὲς
990 2521 1180 2564 φθονοῦσι
1206 2521 1382 2568 φοβηθῇς
1405 2531 1489 2555 eum
1508 2519 1597 2555 Sall.
1618 2519 1662 2555 fr.
1676 2519 1708 2555 V
1721 2520 1780 2556 14:

231 2578 450 2627 ‘Spe<ciem
469 2578 535 2626 et>
559 2577 817 2614 celebritatem
835 2578 996 2613 nominis
1017 2578 1198 2625 intellego
1217 2578 1439 2615 timentem.’
1479 2577 1640 2614 Videtur
1657 2580 1782 2614 autem

229 2638 320 2672 haec
355 2637 535 2673 orationis
572 2637 674 2673 illius
712 2639 879 2673 extrema
908 2649 995 2683 pars
1031 2638 1147 2673 etiam
1185 2638 1326 2674 directo
1357 2648 1524 2674 sermone
1555 2649 1578 2673 a
1603 2637 1782 2674 Sallustio

229 2696 348 2732 allata
372 2708 462 2733 esse.

348 2760 383 2801 2)
409 2756 520 2791 Peter
544 2756 568 2792 1.
595 2757 619 2792 l.
643 2768 679 2801 p.
703 2760 787 2800 1143
815 2756 904 2791 Otto
930 2768 966 2801 p.
986 2760 1072 2799 3233
1098 2755 1219 2801 Vogel
1243 2756 1268 2791 1.
1294 2755 1318 2792 1.
1343 2768 1379 2801 p.
1400 2759 1456 2791 26.

348 2817 384 2861 3)
410 2815 463 2850 Cf.
484 2827 514 2850 c.
534 2820 597 2850 93:
624 2815 688 2851 καὶ
712 2815 849 2861 γύναια
873 2815 1133 2860 παροδεύοντα
1152 2821 1225 2850 τῶν
1244 2816 1476 2861 εὐπατριδῶν
1496 2815 1560 2850 καὶ
1578 2814 1648 2850 δύο
1671 2826 1783 2862 στρα-

229 2875 362 2921 τηγοὺς
387 2876 513 2915 αὐτοῖς
538 2876 700 2920 σημείοις
725 2873 1020 2920 συνηρπάκεσαν.
