1976 3190
739 137 968 184 Fragmenta
993 142 1144 175 57—62.
1668 138 1725 180 29

83 276 90 285 ·
154 248 335 290 virorum
370 250 611 290 feminarum
648 250 832 301 cupidine
869 251 1058 302 flagrasse
1096 252 1201 290 idem
1239 252 1461 290 accusatur.
1524 251 1564 290 Is
1600 251 1727 302 igitur

156 308 234 349 erit
263 310 555 349 sententiarum
586 311 700 350 ordo:
738 311 799 349 Ea
830 323 934 360 quae
971 311 1033 350 his
1064 311 1195 350 verbis
1228 311 1489 350 antecedebat
1525 311 1726 349 enuntiati

155 369 271 420 parte
313 382 398 409 rem
442 370 623 421 aliquam
658 371 865 409 narratam
905 383 988 409 esse
1028 370 1114 409 veri
1157 370 1285 409 simile
1329 373 1406 422 est,
1452 383 1533 420 qua
1571 370 1726 409 Sullam

155 427 434 479 voluptatibus
476 429 656 469 deditum
698 429 820 469 fuisse
865 429 1092 469 accuratius
1135 430 1428 482 exponebatur,
1478 431 1518 469 et
1561 430 1726 469 eandem

154 487 246 528 aliis
271 488 314 526 in
337 488 436 529 viris
460 489 643 529 insanam
667 489 1110 540 reprehendendamque
1137 490 1186 528 ab
1213 489 1300 540 ipso
1328 489 1442 528 Sulla
1468 490 1617 529 dictam
1642 502 1725 529 esse

155 547 331 601 additur,
362 550 452 588 tum
482 549 606 589 etiam
637 549 837 588 adulteria
868 549 1079 588 commissa
1111 561 1194 588 esse
1227 561 1251 587 a
1283 549 1398 588 Sulla
1429 550 1612 588 refertur.

274 661 385 709 61⁸³.
433 663 565 707 Plut.
597 679 752 720 comp.
784 664 894 721 Lys.
928 667 977 707 et
1009 663 1130 707 Sull.
1163 679 1197 707 c.
1223 666 1268 707 3:
1296 663 1340 706 Ὁ
1372 662 1422 707 δὲ
1453 665 1576 707 οὔτε
1607 663 1727 716 νέος

154 733 226 778 ὢν
260 734 379 793 περὶ
410 737 500 787 τὰς
543 723 833 793 ἐσίιθυμίας
870 736 1138 792 ἐμετρίαζε
1176 737 1262 779 διὰ
1299 736 1393 791 τὴν
1433 738 1622 779 πενίαν
1653 735 1725 794 (cf.

154 806 309 850 schol.
336 806 549 851 Gronov.
581 807 635 850 ad
660 808 710 850 fr.
731 806 808 866 58)
834 808 937 851 οὔτε
962 807 1158 864 γηράσας
1184 808 1258 850 διὰ
1284 807 1366 862 τὴν
1390 807 1580 862 ἡλικίαν,
1613 807 1725 851 ἀλλὰ

152 880 278 930 τοὺς
315 878 435 936 περὶ
475 880 654 936 γάμων
694 878 780 922 καὶ
827 880 1175 936 σωφροσύνης
1219 880 1486 934 εἰσηγεῖτο
1530 881 1728 935 νόμους

151 957 266 1002 τοῖς
293 953 541 1003 πολίταις
570 951 729 1003 αὐτὸς
760 951 893 1009 ἐρῶν
923 950 1009 994 καὶ
1045 952 1329 1007 μοιχεύων,
1367 951 1428 1002 ὥς
1463 962 1572 1007 φησι
1606 954 1725 993 Σαλ-

151 1022 370 1075 nodemus.

272 1127 380 1174 App.
431 1128 462 1174 (I
481 1131 550 1164 135
564 1128 608 1175 G,
634 1129 651 1164 1
675 1141 710 1175 p.
732 1132 801 1164 373
816 1129 891 1175 ΒΥ.)

274 1224 353 1271 62.
407 1225 545 1269 Idem
575 1226 742 1269 fecere
775 1226 1021 1270 Octavius
1052 1229 1102 1268 et
1134 1225 1180 1277 Q.
1215 1225 1403 1282 Caepio
1443 1226 1552 1269 sine
1583 1226 1728 1284 gravi

153 1292 456 1354 cuiusquam
487 1298 853 1355 expectatione
885 1313 1048 1355 neque
1080 1313 1199 1340 sane
1231 1298 1414 1340 ambiti
1447 1298 1668 1354 publice.

272 1403 380 1450 App.
424 1404 455 1450 (I
473 1404 570 1450 53D,
591 1405 688 1451 8911,
709 1408 753 1440 67
775 1405 818 1451 G,
843 1405 860 1440 Ι
879 1417 914 1450 p.
935 1404 1088 1451 407Br.)
1103 1426 1147 1430 —
1162 1404 1263 1440 Serv.
1285 1403 1415 1450 (schol.
1435 1404 1545 1449 Dan.)
1567 1404 1617 1439 ad
1636 1404 1727 1439 Aen.

153 1450 205 1487 IV
229 1454 310 1488 283.
385 1451 566 1499 Gn(aeus)
603 1457 688 1489 ante
723 1453 868 1489 Octavii
903 1464 1033 1489 nomen
1069 1454 1154 1489 add.
1181 1453 1343 1488 Dietsch.
1382 1473 1428 1477 —
1465 1451 1728 1497 expectatione

153 1500 292 1548 neque]
317 1500 648 1546 expectationique
675 1500 722 1545 F,
746 1512 837 1537 corr.
858 1501 1009 1538 Daniel.

271 1587 439 1629 Oomm.
507 1589 683 1629 Difficile
726 1590 999 1642 fragmentum
1041 1589 1154 1628 Kritz
1199 1589 1250 1628 ad
1293 1589 1457 1628 comitia
1500 1588 1729 1628 consularia

154 1661 259 1688 anno
289 1650 342 1688 77
373 1649 514 1689 habita
550 1650 727 1702 rettulit,
766 1650 907 1689 deinde
944 1650 1109 1689 Dietsch
1146 1662 1238 1689 cum
1274 1649 1500 1701 fragmento
1535 1650 1588 1688 86
1623 1662 1728 1687 com-

153 1708 300 1760 posuit.
363 1708 441 1749 Sed
464 1709 563 1749 haec
587 1709 704 1748 nihili
735 1722 819 1749 esse
850 1710 932 1748 iam
962 1709 1054 1749 inde
1081 1709 1275 1761 sequitur,
1308 1709 1416 1759 quod
1448 1710 1488 1747 et
1514 1706 1729 1747 Octavium

153 1781 259 1808 anno
292 1770 346 1808 77
379 1770 634 1809 consulatum
665 1769 827 1820 petiisse
859 1783 1060 1820 nusquam
1090 1769 1268 1808 traditur
1298 1770 1339 1807 et
1365 1769 1532 1818 Quintus
1564 1768 1727 1818 quidam

154 1827 302 1880 Caepio
326 1828 434 1869 hisce
459 1829 574 1869 annis
600 1829 772 1882 omnino,
802 1830 935 1880 quoad
956 1830 1118 1880 quidem
1143 1829 1302 1880 scimus,
1327 1842 1408 1868 non
1433 1828 1530 1879 fuit,
1563 1828 1727 1879 accedit,

108 1903 117 1911 ·
153 1888 262 1939 quod
309 1901 359 1928 ne
403 1889 604 1928 ambiendi
652 1889 818 1929 verbum
868 1889 915 1928 de
959 1889 1274 1941 magistratuum
1321 1888 1477 1927 ambitu
1519 1888 1594 1927 hoc
1639 1889 1726 1927 loco

153 1948 308 1988 dictum
341 1948 629 2001 intelligamus,
673 1949 910 1989 scholiastae
948 1949 1080 1989 verbis
1117 1948 1368 1999 impedimur.
1435 1947 1493 1986 At
1536 1947 1729 1998 quoniam

153 2007 260 2048 idem
289 2007 428 2049 fecisse
453 2011 671 2048 narrantur
701 2011 742 2048 et
768 2008 960 2049 Octavius
992 2011 1034 2048 et
1059 2008 1206 2059 Caepio
1240 2008 1415 2059 quidam,
1448 2007 1499 2046 ad
1530 2007 1729 2046 neminem

153 2067 232 2107 nisi
263 2067 315 2107 ad
337 2068 392 2110 M.
417 2067 631 2109 Octavium
658 2068 726 2108 Cn.
753 2069 792 2120 f.‚
825 2069 895 2119 qui
921 2070 1061 2108 contra
1091 2069 1222 2120 legem
1248 2067 1526 2118 Semproniam
1552 2067 1728 2106 frumen-

153 2127 302 2167 tariam
332 2128 468 2167 extitit
499 2123 567 2183 (cf.
601 2128 679 2168 Cic.
712 2129 824 2167 Brut.
853 2131 957 2180 222,
996 2129 1058 2168 off.
1085 2128 1126 2167 Π
1155 2122 1242 2182 72),
1280 2130 1322 2166 et
1353 2127 1404 2166 ad
1435 2127 1478 2173 Q.
1513 2127 1729 2166 Servilium

155 2186 407 2240 Caepionem,
445 2188 516 2239 qui
546 2189 674 2240 legem
708 2188 925 2239 Apuleiam
961 2189 1102 2227 tollere
1141 2190 1308 2227 conatus
1346 2188 1407 2226 est
1439 2183 1507 2241 (cf.
1540 2188 1644 2226 auct.
1678 2187 1729 2225 ad

154 2246 325 2286 Herenn.
350 2247 372 2286 I
397 2243 486 2302 21),
525 2248 742 2287 Sallustius
774 2250 972 2299 spectasse
1003 2248 1173 2287 videtur.
1243 2248 1386 2298 Itaque
1426 2247 1476 2285 ad
1513 2248 1727 2297 utramque

153 2306 256 2346 hanc
280 2319 366 2346 rem
382 2309 602 2358 praeeunte
622 2308 915 2358 quodammodo
934 2307 1148 2347 Debrossio
1174 2307 1448 2359 fragmentum
1472 2307 1613 2358 refero,
1640 2309 1728 2344 tum

153 2367 349 2415 concludo,
371 2367 546 2407 breviter
570 2368 705 2419 legum
733 2368 1101 2419 fmmentariarum,
1127 2380 1230 2417 quae
1257 2369 1351 2405 ante
1377 2369 1504 2418 erant,
1530 2366 1729 2405 rationem

154 2425 386 2478 exitumque
424 2427 664 2467 Sallustium
706 2440 1052 2479 commemorasse,
1096 2427 1249 2466 scilicet
1285 2427 1532 2465 narrandum
1568 2426 1605 2464 ei
1642 2427 1729 2463 erat

154 2485 351 2538 imprimis
381 2487 430 2526 de
460 2487 549 2539 lege
581 2487 816 2538 Sempronia
848 2501 872 2526 a
903 2487 943 2526 O.
972 2487 1151 2527 Graccho
1182 2487 1286 2539 lata,
1322 2499 1445 2537 quam
1476 2486 1526 2524 ab
1559 2484 1726 2524 Octavio

154 2545 225 2586 illo
257 2545 459 2586 sublatam
490 2560 573 2586 esse
604 2547 722 2587 modo
755 2547 853 2599 dixi,
892 2547 983 2586 dein
1015 2547 1062 2586 de
1096 2546 1303 2586 Saturnini
1337 2547 1425 2598 lege
1456 2545 1647 2596 Apuleia,
1686 2545 1728 2582 in

155 2618 279 2657 quam
309 2605 352 2653 Q.
380 2605 528 2658 Caepio
566 2607 747 2646 invectus
786 2619 869 2646 esse
907 2607 1072 2658 dicitur,
1110 2607 1157 2645 de
1189 2606 1305 2645 Livia
1341 2606 1429 2657 lege
1463 2618 1486 2643 a
1518 2605 1568 2643 M.
1595 2605 1727 2643 Druso
1752 2628 1755 2629 ν

154 2667 309 2718 rogata,
341 2679 463 2717 quam
494 2666 614 2706 simul
645 2680 737 2706 cum
768 2666 908 2706 ceteris
940 2666 1218 2716 similibusque
1243 2666 1286 2704 L.
1315 2665 1430 2704 Sulla
1455 2665 1629 2703 dictator
1660 2664 1727 2702 ab·

153 2725 331 2778 rogavit3
368 2726 511 2777 Lepidi
551 2740 712 2777 quoque
750 2727 814 2766 lex
848 2727 961 2766 brevi
996 2728 1089 2778 post
1125 2726 1242 2764 irrita
1278 2726 1404 2776 facta,
1442 2737 1534 2763 mox
1571 2736 1665 2763 vero
1703 2736 1728 2762 a

155 2784 342 2825 Terentio
380 2787 422 2826 et
453 2785 590 2826 Cassio
622 2786 853 2826 consulibus
883 2786 1074 2826 restituta
1105 2798 1188 2826 esse
1220 2785 1397 2824 videtur:
1436 2796 1536 2834 quas
1567 2796 1630 2823 res
1662 2797 1726 2822 ex-

153 2845 330 2896 ponendi
360 2846 607 2886 occasionem
639 2846 833 2887 Sallustio
864 2846 1089 2897 praebitam
1119 2858 1215 2896 esse,
1250 2844 1320 2883 ubi
1351 2845 1481 2895 legem
1511 2843 1727 2883 Aemiliam

153 2904 461 2945 frumentariam
482 2919 506 2945 a
524 2905 674 2957 Lepido
695 2909 879 2959 rogatam
901 2907 1244 2956 commemoraret,
1269 2904 1355 2943 veri
1380 2903 1630 2943 simillimum
1655 2906 1725 2943 est.
