1916 3178
753 156 1046 198 —45—

82 251 92 258 ¹
152 260 177 314 f
222 282 289 301 ν·
275 261 564 319 ἐπείγεσθαι
595 262 650 305 ad
682 261 847 304 bellum
880 261 1191 304 conficiendum
1225 262 1340 304 dicit.
1397 262 1515 305 Haec
1550 263 1685 319 igitur

130 345 148 349 ’·
216 351 249 372 ·:
280 333 375 377 'ana
410 333 621 390 particula
655 333 743 376 iarn
781 333 926 390 agitur
967 333 1018 375 de
1059 334 1203 390 rebus,
1247 349 1355 389 quae
1396 338 1543 392 gestae
1584 338 1685 376 sunt

60 405 266 469 'pullo
294 408 445 463 postea
486 420 615 462 quam
653 404 882 468 Spartacus
920 420 942 447 e
973 404 1147 447 Bruttio
1180 406 1343 462 effugit.
1404 406 1496 449 Iam
1527 407 1685 450 iterum

62 474 292 529 ''12qu
339 477 478 521 fontis
516 477 711 534 sequitur
751 477 1003 532 frustulum,
1048 477 1162 532 quod
1206 476 1405 519 Crassum
1448 493 1596 520 rursus
1640 478 1685 520 in

5 591 7 594 ,
108 548 287 602 mio
318 549 541 595 obsessum
565 548 755 591 ostendit
780 548 878 590 inde
910 563 935 590 a
960 541 1102 590 verbis
1126 547 1199 591 καὶ
1227 549 1250 591 ὁ
1272 551 1531 605 Σπαρτακὸς
1551 576 1606 580 -
1629 576 1684 580 -

110 618 167 674 ᾧ
174 603 412 677 W&
441 621 518 664 τὸν
537 619 749 676 Κράσσον
773 623 1080 677 προυκαλεῖτο.
1141 619 1317 662 Etenim
1349 620 1526 663 alterius
1552 622 1686 663 fontis

112 692 226 737 hoo
263 707 357 735 esse
396 691 537 735 elucet
585 694 630 734 et
672 707 724 734 ex
768 690 987 747 equitibus
1030 691 1117 733 illis
1160 691 1298 733 denuo
1343 694 1686 735 commemoratis

111 761 209 823 (οιαὶ
250 765 487 821 παρόντων
530 764 579 807 οἰ
615 771 706 806 τῶν
750 761 940 820 ἱππέων)
983 765 1027 805 et
1070 777 1123 804 ex
1159 763 1301 805 verbis
1346 763 1488 807 ὤσατο
1532 764 1686 808 παντὶ

19 833 67 874 's‘
113 840 182 895 τῷ
213 841 415 895 στρατῷ
448 835 523 878 διὰ
547 841 628 878 τοῦ
652 838 1041 892 περιτειχίσματος,
1072 849 1201 890 quam
1238 834 1411 890 quidem
1447 850 1549 876 rem·
1564 836 1688 878 aliter

46 920 71 942 ς
110 906 273 958 habet·
271 906 404 950 ·.Plut
444 921 481 949 c.
516 908 589 950 10:
644 907 756 950 ὥστε
803 913 882 962 τῆς
931 913 1136 963 στρατιᾶς
1183 914 1426 963 περαιῶσαι
1474 908 1530 949 τὸ
1578 910 1688 963 τρί-

62 1010 80 1027 2
109 982 218 1023 btv.
251 977 496 1022 Postrema
526 981 671 1020 autem
703 978 802 1021 inde
833 993 875 1020 a:
912 977 1153 1034 γενομένης
1186 975 1236 1020 δὲ
1267 983 1343 1032 τῆς
1374 994 1513 1034 μαχης
1537 994 1574 1021 κ
1594 994 1630 1021 τ.
1650 983 1687 1021 λ.

49 1051 73 1091 4‘
110 1027 263 1096 muns
289 1049 487 1094 Sallustii
519 1065 611 1093 esse
642 1050 853 1092 videntur.
914 1049 1102 1092 Videsne
1141 1064 1270 1104 quam
1301 1049 1472 1104 stupide
1504 1064 1572 1091 res
1602 1049 1687 1105 Ap

27 1134 45 1156 -’
108 1121 269 1180 finnus
284 1121 584 1179 permiscuerit
603 1125 647 1164 et
667 1137 796 1178 quam
815 1121 938 1164 foede
959 1121 1066 1163 duos
1085 1123 1282 1163 auctores
1301 1101 1688 1163 consarcinaverit‘?

38 1183 78 1235 [L'
108 1192 206 1238 Em
233 1208 369 1246 nemo
394 1193 478 1236 erit
507 1193 613 1250 quin
644 1193 751 1235 mihi
783 1193 988 1236 concedat
1019 1193 1128 1235 tales
1160 1207 1324 1235 errores
1355 1207 1443 1234 non
1474 1191 1689 1247 Straboni,

110 1265 190 1310 sud
218 1265 303 1322 ipsi
332 1264 533 1322 Appiano
565 1265 822 1308 addicendos
854 1280 958 1320 esse,
988 1279 1127 1320 neque
1159 1263 1444 1306 dubitandum
1476 1267 1554 1320 est,
1584 1264 1689 1319 quin

41 1342 50 1347 ’“
109 1334 341 1394 ¹&lupianus
385 1337 430 1380 in
470 1338 556 1380 fine
602 1337 704 1379 libri
744 1336 872 1392 primi
913 1336 1173 1392 secundique
1221 1335 1395 1378 exordio
1436 1335 1689 1379 Sallustium

35 1427 39 1450 ς
111 1408 234 1465 prius
263 1408 452 1465 unicum,
482 1423 583 1452 mox
613 1408 866 1464 primarium
897 1408 1070 1464 quidem
1101 1408 1266 1450 fontem
1292 1407 1503 1450 habuerit.
1565 1408 1690 1450 Alter

30 1489 38 1510 s
113 1483 261 1523 autem
302 1483 454 1524 auctor
492 1480 615 1523 cuius
657 1480 742 1522 duo
788 1479 863 1522 illa
905 1479 1160 1536 ἐμβλήματα
1200 1480 1414 1536 capitibus
1448 1481 1689 1523 118—120

114 1551 471 1610 investigavimus
513 1551 611 1608 quis
654 1552 712 1594 sit
754 1551 881 1607 plane
923 1551 1080 1594 nescio.
1142 1551 1343 1594 Forsitan
1386 1554 1532 1593 tamen
1576 1551 1688 1593 idem

35 1654 38 1655 ν
112 1623 174 1667 sit
196 1623 442 1680 quis-etiam
473 1623 525 1666 de
556 1623 851 1666 coniuratione
883 1622 1133 1665 Catilinaria
1170 1626 1401 1679 usurpatus
1440 1626 1522 1678 est,
1560 1623 1690 1665 simul

19 1723 34 1754 '2
111 1694 230 1739 tidem
251 1693 395 1738 ouius
435 1693 656 1752 longiores
694 1693 928 1749 particulas
972 1709 995 1735 e
1036 1693 1322 1736 Straboniana
1361 1693 1540 1736 materie
1582 1694 1689 1736 inse-

28 1760 34 1822 J
114 1766 349 1824 quentibus
379 1765 426 1808 in
455 1765 580 1808 libris
611 1765 792 1808 secrevit
825 1763 986 1822 Ott0.¹)

116 1837 120 1842 ”
144 1857 191 1878 w
210 1836 474 1881 ¹»Frontini
505 1852 581 1880 sex
611 1837 666 1879 ad
695 1837 778 1880 hoc
808 1837 972 1879 bellum
1003 1837 1222 1893 pertinent
1252 1835 1570 1894 strategemata.
1626 1838 1690 1880 Ac

26 1914 32 1963 ᾗ
114 1910 302 1967 primum
324 1908 363 1952 {I
387 1909 434 1966 5,
465 1910 530 1953 20
578 1908 651 1968 (de
692 1909 885 1965 Spartaci
930 1909 975 1951 in
1019 1909 1192 1951 Bruttio
1237 1909 1400 1951 obsessi
1445 1908 1690 1965 eruptione)

25 1981 30 1984 ’
115 1996 142 2024 e
169 1981 296 2025 Livio
330 1981 547 2025 haustum·
571 1995 664 2024 esse
700 1981 888 2037 videtur,
928 1996 1026 2023 cum
1062 1981 1193 2023 faciat
1230 1984 1378 2023 contra
1409 1981 1689 2023 Plutarchum

114 2052 344 2112 (zefno..10:
385 2055 521 2111 ἔχωσε
556 2059 634 2109 τῆς
669 2053 842 2109 τάφρου
880 2052 1013 2109 μέρος
1050 2053 1105 2096 οὐ
1141 2054 1256 2096 πολὺ
1289 2058 1344 2109 γῇ
1376 2051 1450 2095 καὶ
1490 2053 1575 2110 ὕλῃ
1614 2053 1688 2096 καὶ

114 2125 297 2176 Mosae
328 2123 536 2182 δένδρων
572 2139 671 2167 cum
700 2124 864 2167 Front.:
904 2125 915 2143 ‘
931 2124 1065 2167 caesis
1104 2124 1371 2180 captivorum
1402 2139 1689 2180 pecorumque

116 2195 418 2253 corporibus')
449 2199 493 2238 et
517 2195 722 2252 Spartaco
754 2196 1095 2238 inimicissimam
1128 2196 1316 2238 ostendit
1342 2196 1599 2251 opinionem.
1634 2222 1687 2226 —

115 2267 137 2311 I
161 2269 208 2325 5,
232 2269 292 2312 21
327 2266 400 2326 (de
432 2266 582 2310 Clodio
613 2268 667 2310 ad
685 2267 923 2311 Vesuvium
954 2283 979 2310 a
1003 2268 1200 2325 fugitivis
1226 2266 1398 2325 fugato)
1430 2282 1520 2309 rem
1552 2267 1689 2322 ipsam

115 2342 262 2383 namt
298 2339 533 2383 secundum
569 2338 885 2397 Sallustium2)‚
929 2340 1003 2382 sed
1047 2339 1202 2381 ultima
1237 2340 1369 2382 verba
1411 2340 1482 2381 eut
1526 2338 1690 2394 aliquot

54 2463 57 2466 ‚
116 2411 316 2456 cohortes
346 2411 660 2469 gladiatoribus
691 2411 1219 2468 quattuoretseptuaginta
1255 2410 1482 2454 cesserint'
1521 2425 1543 2451 e
1568 2410 1690 2451 Livio

117 2487 210 2527 esse
240 2482 386 2526 addita
417 2483 509 2539 ipse
540 2483 793 2539 comprobat
822 2481 1077 2540 numerus.⁸)
1137 2482 1157 2525 Ι
1189 2483 1235 2539 5,
1267 2484 1329 2526 22
1362 2482 1434 2541 (de
1466 2497 1510 2524 re
1543 2484 1691 2523 contra

160 2608 180 2663 J
238 2606 274 2672 i)
298 2623 325 2661 i.
349 2624 431 2661 0.11
455 2636 487 2661 c.
504 2628 714 2671 lis—148,
740 2625 787 2661 cf.
814 2625 906 2661 otto
930 2637 966 2671 p.
987 2629 1058 2661 266
1083 2626 1123 2660 et
1146 2623 1280 2661 lib.1v
1307 2635 1337 2659 c.
1358 2628 1500 2668 2—21,
1527 2624 1572 2660 ef.
1597 2624 1688 2659 Otto

0 2669 9 2700 ξ
63 2693 66 2697 ’
115 2695 155 2732 p.
173 2687 256 2722 282.
299 2684 375 2721 Sed
398 2684 493 2721 haec
519 2684 552 2720 si
576 2684 940 2721 consideraverimus
966 2684 1158 2720 Ciceronis
1183 2684 1435 2730 hypomnema
1459 2683 1576 2718 fuisse
1603 2695 1689 2720 con-

116 2743 316 2780 iurationis
342 2743 587 2780 Catilinariae
612 2743 772 2789 fontem,
799 2744 905 2790 quod*
925 2744 1048 2780 voluit
1072 2743 1255 2787 Buresch‚
1282 2743 1512 2788 negabimus.

237 2806 274 2850 2)
300 2802 354 2841 Cf.
386 2803 486 2840 Plut.
523 2815 554 2839 c.
587 2807 608 2839 9
635 2805 674 2839 et
698 2803 795 2840 Flor.
826 2803 862 2839 11
887 2807 926 2849 8,
952 2808 991 2848 43
1035 2802 1184 2839 viderat
1208 2803 1307 2838 idem
1341 2802 1417 2837 iam
1442 2802 1616 2838 Wfflfflin
1650 2803 1690 2838 in

117 2861 243 2901 Herm.
267 2863 320 2900 IX
343 2875 382 2910 p.
406 2867 464 2900 82.

238 2923 276 2970 8)
301 2922 356 2959 cf.
383 2922 487 2959 Oros.
501 2923 534 2959 V
553 2927 613 2968 24,
635 2928 671 2968 ¹3
697 2923 801 2959 Eutr.
821 2923 873 2959 VI
893 2928 931 2967 Ί;
957 2923 1052 2959 Vell.
1073 2923 1107 2958 II
1127 2927 1191 2966 3ος
1218 2933 1294 2967 per.
1321 2926 1378 2957 95.
