1976 3190
17 869 29 912 i

15 915 33 1062 ξ

775 161 1005 209 Fragmenta
1031 163 1180 205 26-33,
1681 155 1762 199 121

192 277 398 319 obsidione
429 278 590 330 saepius
620 277 862 318 mentionem
893 277 1043 317 factam
1075 289 1158 316 esse
1191 277 1349 316 constat
1382 270 1448 330 (cf.
1481 276 1612 316 Amm.
1644 275 1765 315 Marc.

191 337 307 378 XXII
335 339 374 390 8,
402 339 446 378 5:
478 334 707 390 ‘Dindyma,
738 337 928 389 religiosa
958 337 1100 376 Matris
1125 337 1295 388 Magnae
1328 330 1540 389 delubra').
1591 335 1700 375 Haec
1731 335 1765 374 si

190 397 252 437 ita
281 399 394 450 sunt,
429 397 486 437 ibi
517 399 846 438 commemoratas
878 409 961 437 esse
994 397 1269 447 Dindymenae
1302 396 1574 451 Dindymique
1606 395 1765 434 fabulas

190 470 317 508 eoque
356 457 476 497 simul
507 458 581 499 hoc
612 458 883 512 fragmentum
918 457 1171 497 referendum
1202 468 1285 495 esse
1317 456 1401 495 veri
1434 455 1563 495 simile
1594 455 1765 507 videtur,

190 515 262 556 ubi
293 516 340 558 de
373 517 456 559 situ
488 517 620 573 Cyzici
650 517 761 560 urbis
794 516 1012 558 Sallustius
1044 516 1170 571 egisse
1202 515 1371 556 videtur.

311 622 388 670 32.
451 622 822 668 Coniuratione
854 621 1063 665 claudit.

310 730 417 777 App.
468 730 534 778 (ΙΠ
552 733 597 766 80
610 730 655 777 D,
681 733 726 766 98
740 729 784 777 K,
811 728 890 777 8G‚
915 729 950 766 Π
974 743 1009 777 p.
1031 735 1098 767 331
1115 731 1190 777 ΒΥ.)
1217 753 1261 757 -
1287 731 1467 767 Priscian.
1489 731 1522 766 X
1542 731 1589 777 (Π
1613 743 1648 777 p.
1671 730 1765 777 514).

310 805 476 847 Oomm.
529 808 752 860 Perpernae
779 809 1096 849 coniurationem
1126 810 1266 848 contra
1292 809 1513 848 Sertorium
1540 811 1767 859 susceptam

190 866 340 908 dictam
371 879 456 908 esse
485 867 655 908 Gerlach
687 869 901 921 existimat,
934 869 1043 920 quod
1074 881 1322 920 quamquam
1355 881 1379 908 a
1409 868 1494 908 veri
1527 868 1655 920 specie
1687 882 1767 908 non

189 939 358 981 prorsus.
378 927 576 980 abhorret,
608 930 743 968 tamen
775 929 811 968 ei
837 929 1023 969 assentiri
1054 942 1228 981 nequeo,
1266 929 1338 967 illa
1369 929 1475 968 enim
1507 942 1554 967 ex
1585 929 1767 968 coniura-

187 987 298 1028 tione
330 986 498 1027 Sertorii
529 1001 624 1040 opes
655 1002 734 1028 non
767 990 897 1029 solum
929 989 1212 1030 claudicabant
1242 990 1316 1027 aut
1346 1002 1418 1039 per
1448 990 1609 1039 tempus
1641 989 1765 1039 quod-

187 1046 280 1087 dam
304 1046 437 1088 minus
467 1047 670 1101 vigebant,
704 1049 772 1088 sed
804 1049 964 1089 omnino
991 1050 1143 1089 fractae
1175 1050 1446 1099 contusaeque
1479 1051 1573 1088 sunt
1604 1050 1765 1088 mortuo

186 1106 445 1160 imperator03
477 1120 602 1159 quare
627 1109 754 1147 malui
784 1109 835 1147 ad
861 1108 1097 1160 Cyzicenam
1128 1109 1375 1148 obsidionem
1406 1109 1528 1148 verba
1552 1109 1699 1148 referre
1726 1110 1767 1148 et

186 1166 238 1206 ad
261 1166 354 1207 illos
373 1167 699 1208 coniurationum
718 1169 1039 1208 defectionumve
1065 1171 1245 1221 conatus,
1272 1169 1343 1219 qui
1367 1169 1473 1207 inter
1491 1168 1766 1207 Mithridatem

185 1226 505 1279 Valerianosque
537 1227 618 1268 acti
649 1230 745 1268 sunt
777 1223 846 1283 (cf.
879 1228 1029 1268 Oomm.
1063 1229 1114 1268 ad
1145 1229 1192 1268 fr.
1221 1223 1310 1283 33),
1343 1228 1490 1279 quibus
1520 1229 1640 1268 rebus
1670 1228 1766 1267 belli

185 1286 366 1340 vigorem
398 1287 650 1339 aliquamdiu
680 1288 851 1328 iacuisse
882 1302 963 1328 non
995 1291 1056 1328 est
1088 1289 1195 1340 quod
1226 1301 1430 1341 negemus

306 1389 384 1435 33.
434 1390 655 1443 Quarum
681 1408 829 1435 unam
855 1392 1134 1449 epistulam
1160 1392 1297 1435 forte
1323 1407 1433 1435 cum
1459 1407 1605 1436 servo
1625 1393 1766 1436 nacti

186 1462 519 1519 praedatores
549 1463 819 1507 Valeriani
852 1464 1126 1521 scorpione
1158 1464 1210 1507 in
1241 1467 1412 1507 castra
1442 1464 1639 1508 misere.

305 1569 413 1616 App.
464 1569 530 1616 (ΙΠ
549 1573 595 1606 36
607 1570 652 1615 D,
678 1573 722 1606 41
738 1570 783 1616 K,
810 1574 855 1606 60
870 1570 913 1616 G,
939 1570 974 1606 H
998 1583 1033 1616 p.
1057 1574 1102 1606 94
1116 1570 1191 1616 Br.)
1224 1592 1269 1597 —-
1300 1570 1446 1606 Nonius
1471 1571 1558 1606 XIX
1589 1583 1624 1617 p.
1649 1574 1728 1607 553.
1756 1571 1768 1618 ᾗ

185 1617 360 1666 quarum]
387 1627 546 1663 quorum
570 1619 663 1655 coni.
688 1618 895 1666 Quicherat.
916 1641 960 1645 —
984 1630 1099 1654 unam
1124 1618 1344 1666 epistulam]
1371 1630 1447 1654 una
1473 1618 1639 1665 epistula
1663 1621 1765 1656 codd.

186 1686 232 1692 —
258 1664 472 1714 scorpione]
499 1666 736 1713 scorpionem
760 1668 863 1703 codd.

305 1741 474 1783 Comm.
534 1743 661 1783 Varia
697 1757 826 1795 neque
864 1744 984 1783 utilia
1021 1745 1096 1784 hoc
1134 1744 1181 1784 de
1219 1744 1446 1796 fragmento
1485 1744 1769 1797 cogitaverunt

184 1802 368 1843 editores.
424 1803 484 1844 Ac
510 1805 643 1843 castra
669 1804 915 1844 Mithridatis
947 1816 1030 1844 esse
1059 1818 1131 1855 per
1156 1817 1197 1844 se
1223 1804 1484 1856 intelligitur3
1517 1804 1658 1844 deinde
1685 1805 1766 1855 epi-

185 1863 295 1902 stula
319 1875 344 1902 a
369 1863 537 1904 Pontico
564 1863 702 1914 aliquo
729 1864 880 1915 scripta
904 1864 1082 1916 videtur,
1110 1864 1259 1904 etenim
1284 1864 1318 1903 si
1346 1877 1370 1904 a
1388 1865 1570 1904 Romano
1591 1864 1768 1915 quodam

183 1922 344 1963 homine
373 1922 481 1963 bona
510 1923 587 1963 fide
621 1924 672 1963 ad
696 1924 886 1964 Ponticos
917 1925 1013 1964 data
1039 1926 1154 1976 esset,
1187 1937 1300 1964 servo
1332 1925 1394 1963 illi
1422 1924 1573 1964 milites
1605 1925 1766 1964 omnino

184 1995 266 2022 non
290 1982 544 2036 eripuissent,
573 1983 635 2023 sin
660 1983 901 2036 proditionis
927 1984 1095 2025 consilia
1122 1984 1261 2035 aliqua
1286 1985 1462 2035 epistula
1488 1985 1560 2024 illa
1586 1985 1768 2035 exposita

184 2043 328 2095 essent,
359 2044 466 2083 certe
498 2045 572 2082 aut
603 2043 801 2084 delessent
832 2057 922 2083 eam
952 2045 1017 2084 vel
1049 2045 1100 2083 ad
1131 2045 1349 2084 Lucullum
1381 2044 1584 2084 dedissent
1616 2047 1699 2097 aut,
1734 2035 1768 2084 s'i

185 2102 444 2142 consiliorum
469 2103 686 2154 participes
711 2104 894 2156 fuissent,
926 2117 1005 2144 non
1031 2104 1133 2143 miro
1160 2104 1230 2143 illo
1262 2105 1381 2144 modo
1414 2105 1465 2143 ad
1490 2104 1768 2144 Mithridatem

185 2162 343 2202 litteras
373 2163 701 2203 transmisissent.
763 2164 909 2214 Itaque
940 2164 1192 2216 remiserunt,
1227 2166 1276 2203 ut
1306 2164 1475 2204 consilia
1507 2164 1768 2205 Ponticorum

184 2222 479 2262 frustrarentur
508 2223 681 2274 illosque
714 2223 834 2263 simul
866 2224 1091 2276 eluderent,
1123 2226 1164 2263 et
1195 2224 1295 2263 talia
1321 2225 1403 2264 fere
1435 2225 1517 2264 iam
1548 2224 1715 2264 Dietsch
1747 2238 1767 2264 e

183 2282 412 2334 fragmento
453 2282 604 2322 elicuit.
677 2282 754 2330 Qm·
798 2284 845 2323 de
890 2283 1051 2323 auxiliis
1091 2285 1157 2323 vel
1197 2286 1425 2324 commeatu
1468 2297 1493 2323 a
1532 2284 1767 2324 Mithridate

184 2341 403 2393 postulatis
434 2342 735 2394 expectatisque
766 2343 842 2383 hac
874 2343 1050 2394 epistula
1076 2346 1212 2383 actum
1238 2357 1321 2384 esse
1348 2345 1538 2395 opinatus
1571 2346 1642 2396 est,
1676 2358 1767 2384 con-

185 2401 424 2442 sentientem
448 2415 577 2453 nuper
601 2404 745 2442 nactus
770 2403 964 2456 Jfirgium
988 2417 1026 2454 p.
1054 2406 1121 2444 53.
1180 2404 1256 2443 Sed
1288 2404 1437 2444 certius
1469 2404 1626 2444 definiri
1651 2417 1768 2455 posse

183 2474 280 2514 rem,
312 2461 360 2501 de
387 2475 468 2514 qua
493 2462 642 2515 agitur,
674 2462 877 2515 existimo,
910 2463 1058 2502 etenim
1084 2464 1231 2503 scimus
1263 2464 1373 2515 apud
1399 2463 1588 2515 Cyzicum
1621 2465 1667 2503 de
1702 2465 1768 2503 de-

184 2521 357 2561 fectione
389 2523 527 2562 actum
552 2535 636 2562 esse
663 2535 687 2561 a
712 2522 911 2562 militibus
936 2523 1128 2563 Romanis
1155 2537 1246 2563 cum
1271 2524 1517 2576 Mithridate,
1552 2524 1659 2574 quod
1692 2524 1767 2563 etsi

185 2581 339 2621 diverse
364 2581 416 2621 ab
436 2582 670 2622 auctoribus
689 2582 878 2633 Appiano
898 2596 930 2622 c.
953 2585 1020 2635 73,
1044 2584 1254 2624 Memnone
1274 2597 1305 2623 c.
1328 2586 1386 2624 40
1405 2586 1606 2635 narratur,
1632 2586 1768 2623 tamen

183 2641 386 2681 consentit
420 2643 592 2693 uterque
631 2643 674 2680 in
704 2643 1015 2682 Valerianarum
1051 2643 1258 2696 legionum
1294 2644 1454 2683 nomine
1486 2644 1687 2696 urgendo,
1727 2645 1769 2682 et

183 2701 259 2741 hoc
291 2713 452 2752 quoque
483 2701 590 2741 inter
620 2704 838 2753 utrumque
870 2703 1066 2755 convenit,
1098 2706 1262 2754 putasse
1295 2704 1457 2754 quidem
1490 2703 1767 2743 Mithridatem

184 2760 422 2800 Valerianos
453 2761 504 2800 ad
536 2774 620 2802 sese
652 2774 736 2801 esse
769 2762 1012 2802 transituros
1043 2763 1126 2803 sive
1159 2764 1345 2803 edoctum
1378 2777 1449 2813 per
1478 2763 1662 2803 tribunos
1689 2763 1766 2803 Ro-

183 2833 324 2860 manos
356 2820 439 2861 sive
470 2834 542 2872 per
572 2821 615 2860 L.
643 2822 835 2874 Magium.
898 2822 1008 2870 Quae
1041 2823 1075 2862 si
1107 2825 1244 2863 nostro
1277 2836 1368 2862 cum
1399 2823 1626 2874 fragmento
1659 2836 1767 2863 com-

182 2893 386 2933 paramus,
418 2881 503 2921 veri
534 2880 581 2920 fit
606 2881 735 2921 simile
761 2882 1007 2922 Mithridatis
1039 2883 1258 2934 epistulam
1290 2896 1338 2922 ea
1366 2882 1413 2922 de
1439 2896 1481 2922 re
1508 2883 1701 2934 scriptam
1726 2886 1768 2923 et

183 2939 237 2983 ad
262 2940 457 2992 quosdam
477 2941 751 2982 Romanorum
774 2942 883 2982 viros
906 2942 989 2982 iam
1014 2943 1157 2983 infidos
1184 2943 1346 2986 missam
1374 2956 1398 2982 a
1420 2943 1619 2989 militibus
1644 2944 1767 2983 inter-
