1976 3190
259 177 314 219 82
633 210 640 217 ,
741 173 897 210 Sallusti
921 174 1171 211 Historiarum
1195 175 1260 211 lib.
1280 175 1324 211 Π.

377 282 544 324 Exinde
583 281 744 324 diutius
780 297 915 338 prope
950 282 1208 340 Saguntum,
1246 281 1455 338 oppidum
1491 282 1827 339 celeberrimum

101 356 168 410 64,
183 354 239 397 65
259 352 333 411 (fr.
356 354 423 408 64,
444 351 532 410 65),
558 352 640 395 duo
667 353 878 396 exercitus
904 356 1042 396 castra
1060 354 1281 396 habebant
1302 352 1620 409 levioribusque
1638 352 1816 410 proeliis
1952 399 1958 409 ,.

259 439 302 466 se
341 423 625 480 lacessebant,
662 423 844 479 denique
876 423 1107 481 Sertorius,
1146 424 1218 480 qui
1254 438 1423 466 omnem
1453 423 1658 466 Romanis
1687 423 1814 468 inter—
1867 456 1869 458 -
1943 437 1961 465 255

258 495 441 536 cluserat
466 497 761 551 commeatum,
787 509 934 551 pugna
953 495 1167 538 decertare
1193 495 1247 537 ad
1265 494 1438 537 Turiam
1462 495 1622 538 flumen
1645 497 1816 541 coactus

259 568 340 621 est3
380 580 464 620 qua
496 565 577 608 etsi
601 565 834 616 ,Memmius
866 566 1029 608 occisus
1066 569 1194 622 atque
1226 554 1318 621 ipse
1350 565 1597 608 vulneratus
1634 568 1700 609 est
1729 565 1816 609 Me-

258 636 398 691 tellus,
435 636 607 678 tandem
637 636 820 678 Romani
858 637 1004 679 hostes
1033 637 1317 692 reppulerunt
1349 636 1498 694 (Plut.
1531 636 1656 680 Sert.
1687 652 1721 680 c.
1745 638 1816 695 21,

47 708 243 763 66‚ss7‚68
259 707 363 748 adde
394 706 686 765 fr.66—68);
724 710 851 762 atque
884 707 1095 750 exercitus
1127 707 1359 750 Sertoriani
1391 722 1469 762 per
1499 708 1648 765 fugam
1677 707 1816 752 omnis

257 779 345 820 fere
390 778 585 833 dissipati
627 777 870 835 (Frontin.
908 777 950 820 H
989 779 1061 833 13,
1093 777 1140 836 3)
1184 778 1388 833 reliquiae
1433 793 1531 821 cum
1572 779 1668 835 ipso
1711 779 1816 825 duee

259 849 453 891 Cluuiam
478 850 760 905 pei-fugerunt
788 849 935 904 ibique
966 864 991 891 a
1014 849 1221 892 Romanis
1249 849 1412 891 obsessi
1439 852 1550 892 sunt.
1609 849 1816 895 Attamen

259 920 446 963 Sertorio
487 920 682 976 contigit,
721 923 770 962 ut
802 920 910 962 clam
942 935 994 961 ex
1034 920 1194 975 oppido
1236 920 1430 962 evaderet
1471 920 1676 976 brevique
1714 911 1816 978 post

256 1006 415 1034 novum
459 994 740 1048 congregaret
784 990 1018 1033 exercitum
1062 990 1210 1048 (Plut.
1250 990 1375 1033 Sert.
1414 1006 1446 1034 c.
1478 993 1550 1042 21,
1579 993 1643 1044 εἰς
1684 994 1817 1037 πόλιν

259 1063 439 1119 ὀρεινὴν
464 1061 536 1105 καὶ
562 1062 779 1119 καρτερὰν
804 1061 1046 1118 ἀναφυγών
1072 1095 1080 1104 .
1101 1094 1110 1104 .
1132 1096 1141 1105 .
1162 1094 1171 1104 .
1195 1076 1331 1118 usque
1357 1062 1410 1104 ad
1434 1061 1506 1105 καὶ
1537 1063 1670 1106 πάλιν
1696 1061 1819 1120 ἐπῄει

257 1136 396 1184 πολὺς
437 1131 662 1190 γεγονώς).
730 1131 813 1175 Sed
849 1132 1140 1175 Romanorum
1182 1133 1227 1175 in
1271 1133 1458 1175 exercitu
1499 1133 1555 1176 M.
1595 1133 1820 1177 Terentius

181 1207 236 1248 69
256 1204 393 1247 Varro
431 1203 641 1260 Memmii,
684 1206 733 1246 ut
769 1203 956 1258 videtur,
997 1204 1092 1246 loco
1129 1219 1207 1259 pro
1245 1207 1468 1260 quaestore
1505 1204 1588 1246 fuit
1626 1203 1702 1263 (fr.
1729 1203 1818 1263 69),

257 1275 458 1317 Metellus
482 1277 627 1317 autem
651 1274 830 1317 victoria
848 1274 1043 1317 Turiensi
1068 1290 1328 1332 magnopere
1355 1274 1527 1317 elatus
1515 1290 1601 1318 lam
1624 1275 1819 1319 luxuriae

183 1349 238 1391 70
258 1361 405 1389 rursus
436 1362 481 1389 se
520 1346 618 1388 dare
649 1346 794 1401 eoepit
825 1344 900 1403 (fr.
928 1347 996 1401 70,
1025 1346 1156 1388 Plut.
1183 1345 1306 1388 Sert.
1340 1361 1372 1388 c.
1399 1347 1454 1389 22
1491 1361 1626 1402 usque
1657 1346 1711 1388 ad
1741 1344 1812 1402 ἐφ’

258 1412 324 1468 οἷς
356 1419 534 1468 εἰκότως
562 1414 619 1472 ἦν
650 1416 983 1472 καταγέλαστος,
1012 1416 1175 1459 Valer.
1207 1417 1331 1459 Max.
1363 1416 1424 1459 IX
1451 1418 1488 1473 1,
1513 1415 1572 1475 5).

899 1554 1181 1599 Fragmenta.

378 1630 454 1675 53.
514 1630 638 1673 Post
669 1630 757 1672 ubi
788 1629 983 1672 fiducia
1012 1630 1210 1672 nimius.

376 1724 482 1769 App.
533 1724 580 1770 (II
600 1727 643 1758 93
658 1723 701 1768 D,
729 1728 773 1758 96
787 1723 831 1769 K,
856 1727 902 1758 43
917 1723 959 1768 G,
985 1723 1018 1757 II
1043 1735 1078 1768 p.
1099 1726 1168 1758 309
1182 1723 1256 1769 ΒΓ.)
1282 1744 1326 1748 -
1352 1723 1459 1759 Arus.
1483 1735 1519 1769 p.
1539 1726 1620 1759 495.

378 1800 544 1839 Comm.
600 1800 741 1839 Verbis
768 1800 951 1838 Sallustii
976 1800 1093 1838 nimis
1119 1800 1299 1850 abruptis
1323 1800 1441 1847 homo
1468 1799 1623 1839 ostendi
1646 1799 1816 1852 videtur,

259 1861 329 1910 qui
359 1860 487 1910 primo
519 1861 635 1899 caute
667 1860 766 1911 egit,
805 1872 896 1898 mox
926 1859 1050 1898 nimia
1080 1858 1227 1898 fiducia
1257 1861 1479 1899 commotus
1510 1859 1562 1898 ad
1591 1859 1818 1910 impruden-

258 1921 358 1958 tiam
396 1919 575 1969 aliquam
612 1919 810 1970 aufertur,
827 1950 830 1955 .
848 1920 888 1957 et
920 1919 970 1956 ad
1005 1931 1089 1957 rem
1126 1918 1287 1969 quidem
1321 1918 1506 1958 bellicam
1533 1918 1608 1958 hoe
1639 1919 1841 1969 spectare-

258 1979 343 2018 veri
374 1979 500 2017 simile
532 1980 603 2017 est.
666 1978 743 2017 Sed
772 1991 792 2016 e
823 1978 940 2030 rebus
976 1978 1146 2017 secundo
1183 1978 1283 2017 libro
1320 1977 1491 2016 narratis
1523 1990 1736 2028 quemnam
1766 1977 1818 2016 aad
1891 2009 1893 2011 .

259 2039 399 2076 ducem
422 2038 519 2076 haec
545 2039 641 2087 apta
667 2037 747 2075 sint
771 2037 805 2075 si
830 2037 1181 2087 circumspicimus,
1208 2036 1373 2076 Sertorii
1397 2037 1678 2076 mandatorum
1699 2035 1816 2076 remi-
1896 2030 1899 2031 ⁷

259 2097 450 2135 nisoimur
479 2097 622 2148 legatis
650 2110 741 2135 vere
768 2096 862 2134 anni
890 2096 1213 2147 75'imperantis,
1245 2109 1293 2134 ne
1320 2109 1411 2135 cum
1435 2095 1602 2135 ducibus
1626 2095 1816 2135 Romanis

258 2168 400 2194 manus
432 2157 681 2195 consererent
713 2151 779 2209 (cf.
811 2155 916 2194 Livii
946 2156 994 2193 fr.
1019 2150 1180 2208 Vatia).
1242 2155 1482 2205 Perpernam
1512 2155 1640 2206 igitur
1668 2155 1816 2194 Heren-

259 2215 419 2254 niumve
451 2215 513 2253 his
543 2215 673 2254 verbis
712 2215 790 2253 dici
826 2215 1016 2264 illamque
1048 2214 1099 2252 ad
1128 2227 1213 2253 rem
1244 2215 1370 2253 alludi
1404 2212 1597 2253 existimo.
1657 2213 1833 2252 Etenim-

259 2274 360 2312 talia
390 2287 481 2312 cum
504 2275 726 2324 Perpernae
757 2273 917 2325 ingenio
950 2273 1097 2323 optime
1135 2274 1344 2313 convenire
1373 2275 1515 2313 notum
1545 2274 1622 2323 est3
1653 2272 1817 2324 accedit,
1888 2272 1890 2275 ’

261 2334 368 2384 quod
409 2333 615 2383 proprium
658 2335 745 2372 erat
786 2332 1026 2371 narrationis
1065 2333 1334 2372 Sallustianae
1376 2345 1614 2384 magnorum
1649 2331 1818 2382 impera-

259 2395 392 2432 torum
424 2393 554 2431 clades
587 2392 703 2442 quasi
733 2392 1026 2431 inoboedientia
1051 2392 1115 2431 vel
1140 2391 1286 2431 ducum
1311 2391 1531 2431 ceterorum
1554 2391 1619 2431 vel
1642 2390 1819 2430 militum

220 2446 222 2448 ’
259 2452 387 2491 factas
425 2464 621 2490 excusare.
685 2450 833 2490 Contra
863 2451 960 2489 haec
991 2451 1137 2502 Jiirges
1174 2465 1211 2500 p.
1239 2453 1292 2490 47
1332 2451 1556 2501 nuperrime
1597 2450 1645 2489 de
1674 2445 1818 2490 'Cottae

260 2511 485 2549 temeritate
524 2511 575 2549 ad
607 2510 855 2549 Chalcedona
891 2510 988 2548 victi
1025 2510 1295 2561 fragmentum
1331 2509 1539 2561 intelligit:
1577 2521 1699 2560 quam
1734 2521 1818 2547 rem

260 2583 388 2620 neque
415 2570 466 2608 ad
489 2571 647 2620 tempus
673 2582 799 2619 neque
825 2569 875 2607 ad
900 2569 1046 2607 librum
1073 2569 1289 2608 secundum
1307 2569 1503 2619 pertinere
1523 2580 1645 2618 supra
1668 2567 1817 2607 monui.

1966 2388 1976 2406 ε

1964 2473 1976 2501 'z'

1963 2502 1976 2527 ἦ

1967 2528 1976 2550 l

1963 2553 1976 2591 Ἴ.

293 2682 316 2698 ο
381 2660 456 2705 54.
512 2660 652 2703 Inter
681 2660 824 2702 laeva
855 2659 1106 2701 moenium
1138 2662 1186 2701 et
1212 2660 1474 2702 dexterum
1504 2658 1696 2700 flumen
1725 2657 1819 2700 Tu·
1973 2713 1976 2720 A

260 2733 402 2789 riam,
434 2733 565 2787 quod
595 2730 884 2775 Valentiam
915 2745 1070 2787 parvo
1103 2730 1378 2773 intervallo
1410 2728 1757 2786 praeterfluit.
1793 2749 1796 2752 ·
1969 2730 1976 2780 ξ

259 2806 352 2809 -”
378 2827 484 2871 App
535 2824 703 2871 (1118D,
730 2824 831 2869 9411,
857 2822 959 2867 ne,
985 2823 1044 2868 11>
1076 2823 1301 2905 596Br31-
1327 2822 1505 2858 Priscian
1525 2822 1577 2858 vi
1595 2821 1694 2868 (up.
1716 2823 1816 2867 201)

264 2872 386 2915 ‘Quod
406 2875 532 2908 autem
550 2884 626 2907 non
645 2874 731 2907 sunt
749 2872 882 2907 neutra
901 2869 1014 2905 'luiia
1034 2871 1072 2904 et
1090 2870 1216 2905 Muluc
1245 2881 1267 2905 a
1287 2872 1325 2906 et
1344 2870 1494 2915 similia,
1517 2868 1682 2904 ostendit
1701 2868 1818 2905 etiam

260 2922 396 2954 natura
421 2920 539 2965 ipsius
566 2919 744 2955 sermonis
763 2918 907 2964 Punici,
933 2916 973 2951 in
997 2928 1071 2961 quo
1098 2917 1223 2953 omnia
1247 2917 1400 2953 nomina
1424 2916 1484 2953 vel
1503 2915 1711 2953 masculina
1730 2917 1818 2953 sunt
