2034 3184
334 148 416 189 186
810 145 964 181 Sallusti
989 145 1238 182 Historiarum
1263 147 1327 182 lib.
1348 147 1409 182 IV.

331 258 407 310 est,
439 254 474 296 si
500 257 547 295 tu
573 253 897 310 Mesopotamia,
922 269 1000 297 nos
1025 254 1228 297 Armenia
1253 254 1630 311 circumgredimur
1655 254 1888 298 exercitum

331 326 420 367 sine
458 326 691 380 frumento,
729 324 819 366 sine
857 325 1046 380 auxiliis,
1084 327 1256 368 fortuna
1292 329 1366 370 aut
1403 325 1562 367 nostris
1597 324 1715 367 vitiis
1751 325 1889 368 adhuc

267 409 309 439 22
331 396 604 437 incolumem:
629 395 773 450 Teque
800 395 873 438 illa
898 397 1011 438 fama
1031 400 1243 452 sequetur,
1269 396 1429 439 auxilio
1455 396 1696 451 profectum
1719 395 1888 454 magnis

330 466 506 522 regibus
531 466 720 508 latrones
744 466 939 523 gentium
971 467 1248 523 oppressisse.
1310 467 1432 518 Quod
1463 466 1526 508 uti
1557 466 1704 522 facias,
1735 481 1887 510 moneo

266 551 309 580 23
330 538 574 593 hortorque,
599 552 682 579 neu
701 537 825 580 malis
844 538 1032 594 pernicie
1051 541 1199 581 nostra
1218 542 1336 581 tuam
1356 538 1583 594 prolatare,
1608 552 1735 594 quam
1760 537 1889 582 socie-

329 611 418 650 tate
449 608 587 651 victor
616 608 720 650 fieri.
1316 610 1319 613 ’

448 702 563 756 †70.
633 702 841 759 Imperii
885 704 1181 760 prolatandi
1226 703 1537 760 percupidus
1583 703 1888 760 habebatur,

329 776 498 815 cetera
530 774 781 831 egregius.

446 867 551 912 App.
603 868 650 912 (V
671 868 749 912 6D,
775 868 825 903 IV
846 872 876 913 8,
903 869 983 903 178
999 868 1054 914 Gr.)
1087 890 1130 894 —
1163 869 1269 904 Arus.
1295 881 1330 914 p.
1351 872 1430 903 470.
1459 889 1501 893 —
1529 867 1602 903 Sal.
1628 867 1670 902 Iu
1700 897 1706 903 .
1733 867 1793 912 N‚·
1823 872 1889 903 anat

327 915 500 950 caecidisse
530 916 672 950 videtur
702 916 902 960 exemplum
926 917 1008 962 Iuy.
1031 919 1089 960 63,
1121 917 1186 952 ubi
1213 926 1333 960 neque
1365 917 1443 950 tam
1475 914 1646 960 egregius
1671 879 1779 950 {acta
1806 916 1888 950 erat

328 963 447 1008 (vulyo
472 961 597 1007 factis)
623 963 746 1008 legisse
766 965 973 1008 putaverim
998 964 1239 1007 Arusianum,
1265 968 1330 998 aut
1355 962 1477 1008 IV(G)
1503 974 1547 998 ea:
1565 962 1616 997 IV
1639 973 1789 999 ‘numero
1812 973 1888 999 cor·

327 1014 476 1054 ruptum
501 1021 571 1044 esse
597 1011 784 1046 coniciam.

447 1074 614 1114 Comm.
640 1105 643 1107 .
663 1075 879 1113 Lucullum
904 1075 981 1113 dici
1007 1075 1092 1114 iure
1117 1074 1334 1114 affirmavit
1357 1075 1486 1126 Kritz;
1513 1074 1582 1124 qui
1606 1087 1696 1113 cum
1722 1074 1889 1126 dubitet,

328 1133 463 1182 quarti
495 1133 676 1183 quintine
716 1134 768 1172 sit
798 1134 890 1172 libri
920 1134 1207 1185 fragmentum,
1246 1148 1292 1173 ex
1323 1135 1467 1184 quarto
1500 1135 1702 1184 sumptum
1733 1133 1775 1172 id
1805 1145 1888 1173 esse

328 1192 463 1231 ordine
494 1205 627 1231 rerum
660 1206 781 1243 supra
812 1193 990 1243 exposito
1023 1193 1204 1232 efficitur.

449 1293 557 1339 712².
596 1295 756 1338 Schol.
778 1295 990 1339 Gronov.
1011 1296 1069 1338 ad
1089 1295 1183 1339 Cic.
1204 1312 1272 1351 pr.
1292 1297 1385 1353 leg.
1406 1296 1529 1338 Man.
1545 1297 1599 1339 28
1615 1293 1890 1353 (p.4410r.):

328 1366 405 1409 ‘Ut
442 1366 546 1408 dicit
584 1366 830 1423 Sallustius,
867 1367 1070 1410 Lucullus
1102 1367 1326 1423 pecuniam
1358 1366 1533 1418 Quintio
1565 1366 1699 1422 dedit,
1733 1381 1789 1408 ne
1824 1365 1890 1409 illi

329 1438 650 1480 succederetur.’

447 1531 552 1576 App.
604 1531 651 1577 (V
671 1531 746 1576 9D,
775 1535 815 1566 11
832 1531 876 1577 K,
902 1531 970 1567 inc,
996 1535 1039 1567 76
1055 1531 1111 1577 Gr.)

447 1595 612 1635 Oomm.
674 1596 807 1634 Minus
849 1597 954 1635 recte
999 1596 1235 1635 scholiastae
1277 1596 1410 1634 locum
1453 1595 1594 1646 quinto
1631 1595 1889 1635 historiarum

327 1654 427 1693 libro
461 1655 648 1693 attribuit
677 1655 806 1706 Kritz3
841 1655 987 1694 etenim
1013 1668 1115 1694 anno
1145 1658 1195 1694 67
1226 1655 1435 1701 Quintium
1466 1668 1490 1694 a
1520 1655 1689 1694 Lucullo
1719 1653 1889 1705 pecunia

327 1716 560 1764 corruptum
600 1727 683 1753 esse
720 1714 882 1753 minime
920 1715 1025 1754 credi
1061 1716 1210 1764 potest3
1255 1726 1348 1752 sane
1387 1715 1475 1752 tum
1510 1727 1552 1753 re
1588 1726 1683 1753 vera
1719 1713 1887 1753 Lucullo

328 1773 536 1823 ademptae
569 1776 662 1812 sunt
693 1774 920 1823 provinciae
952 1775 1073 1824 atque
1103 1773 1297 1812 exercitus
1322 1773 1440 1824 idque
1465 1773 1508 1812 L.
1530 1773 1692 1819 Quintio
1717 1772 1888 1812 maxime

328 1834 501 1883 auctore,
533 1834 581 1871 cf.
607 1833 712 1871 Plut.
739 1833 831 1871 Luc.
859 1846 890 1872 c.
918 1835 990 1872 33:
1022 1838 1135 1872 τοῦτο
1166 1830 1240 1885 γὰρ
1271 1832 1395 1871 εἰπεῖν
1426 1842 1548 1882 φασιν
1574 1829 1644 1871 ἕνα
1667 1836 1745 1871 τῶν
1773 1841 1887 1883 στρα-

328 1897 456 1943 τηγῶν
481 1892 657 1931 Λεύκιον
683 1892 884 1942 Κοΐντιον,
909 1889 981 1942 ὑφ’
1011 1887 1059 1931 οὗ
1085 1891 1248 1943 μάλιστα
1271 1889 1498 1938 πεισθέντες
1516 1889 1766 1942 ἐψηφίσαντο
1790 1888 1886 1942 πέμ-

327 1964 415 1990 πειν
453 1950 661 2003 διαδόχους
697 1955 750 2005 τῷ
781 1951 1024 2006 Λουκούλλῳ
1060 1956 1130 2002 τῆς
1166 1949 1359 2003 ἐπαρχίας.
1419 1951 1564 2000 Itaque
1600 1950 1702 1989 hanc
1733 1949 1887 1996 Quintii

327 2011 621 2060 corruptionem
645 2011 739 2049 anni
761 2013 813 2050 69
842 2011 951 2049 exitu
968 2011 1118 2050 factam
1142 2022 1225 2049 esse
1248 2012 1359 2061 puto,
1385 2023 1475 2049 cum
1500 2009 1676 2061 graviter
1693 2009 1886 2048 Lucullus

327 2070 476 2109 Romae
509 2083 532 2108 a
563 2070 735 2109 tribunis
766 2070 1035 2109 incusabatur.

450 2160 555 2205 72²⁸.
598 2160 746 2216 Apud
766 2160 1060 2203 Gorduenos
1086 2175 1330 2202 amomum
1355 2162 1403 2202 et
1428 2158 1518 2201 alii
1544 2159 1682 2202 leves
1707 2158 1888 2202 odores

329 2230 624 2287 gignuntur.

446 2323 552 2369 App.
603 2324 666 2369 (IV
686 2328 731 2359 60
741 2324 785 2370 D,
807 2327 850 2359 18
861 2325 905 2370 K,
926 2328 970 2360 80
981 2323 1024 2369 G,
1044 2324 1078 2358 II
1096 2336 1130 2369 p.
1153 2323 1306 2369 517Br.)
1320 2344 1363 2349 -
1379 2322 1500 2358 Schol.
1514 2321 1635 2358 Vatic.
1650 2321 1889 2368 (Philargyr.)

329 2371 378 2406 ad
405 2370 538 2416 Georg.
565 2371 615 2406 IV
634 2376 690 2407 49.

448 2435 613 2475 Oomm.
674 2437 971 2488 Fragmentum,
998 2449 1076 2486 quo
1104 2435 1406 2475 Gorduenorum
1429 2436 1536 2473 terra
1561 2433 1806 2484 describitur,
1831 2433 1887 2471 ibi

328 2495 603 2534 collocandum
627 2495 714 2546 erit,
746 2495 816 2533 ubi
840 2495 1014 2545 primum
1040 2495 1170 2546 gentis
1195 2494 1305 2532 illius
1330 2493 1479 2533 mentio
1505 2494 1566 2532 est
1589 2493 1710 2543 facta,
1735 2491 1887 2532 scilicet

329 2567 419 2592 cum
449 2555 643 2594 Lucullus
675 2555 802 2605 captis
834 2554 1127 2605 Tigranocertis
1157 2554 1323 2593 hiberna
1354 2565 1470 2604 agere
1501 2553 1743 2590 narraretur.

451 2656 525 2702 73.
585 2656 845 2712 Impotens
877 2659 926 2698 et
956 2656 1143 2699 nimius
1174 2655 1448 2698 animi-est.

447 2762 553 2808 App.
604 2762 668 2808 (IV
688 2765 729 2797 71
744 2761 788 2807 D,
816 2764 860 2797 74
873 2761 916 2807 Κ,
944 2764 987 2796 63
1002 2760 1044 2807 Gr,
1071 2761 1105 2795 H
1128 2773 1163 2806 p.
1185 2763 1253 2795 302
1267 2760 1342 2806 Br.)
1368 2781 1411 2786 —
1438 2759 1544 2795 Arus.
1569 2770 1605 2805 p.
1625 2761 1705 2794 495.

448 2827 612 2867 Oomm.
673 2828 728 2866 Et
757 2827 890 2877 ipsum
918 2826 993 2865 hoc
1024 2826 1171 2865 crimen
1194 2826 1293 2865 bene
1318 2825 1360 2864 in
1385 2825 1603 2864 Lucullum¹
1623 2822 1741 2875 cadit,
1771 2835 1884 2873 prae-

331 2886 467 2926 sertim
503 2887 537 2926 si
573 2900 619 2926 eo
657 2887 704 2926 de
740 2888 917 2937 tempore
954 2885 1021 2938 agi
1057 2885 1383 2937 interpretamur,
1425 2897 1504 2935 quo
1540 2883 1690 2922 bellum
1724 2882 1884 2922 Parthis
