1976 3190
559 167 826 214 Fragmentum
845 169 901 203 52.
928 188 972 193 -—
998 167 1199 203 Enarratio
1217 170 1370 204 53—63.
1694 168 1747 210 81

799 397 1006 446 CAPUT
1044 398 1126 447 IV.

284 501 379 547 Res
410 503 542 548 bello
576 502 856 550 Sertoriano
889 514 1011 546 anno
1040 502 1065 546 7
1072 503 1100 546 5
1133 504 1310 559 gestae,
1343 503 1408 548 fr.
1437 503 1640 550 53—70.

837 630 1085 669 Euan-atim

291 707 439 750 Primo
470 707 572 751 anni
605 708 661 751 75
697 722 796 750 vere
827 707 1029 750 Metellus
1067 722 1116 750 ac
1146 707 1381 763 Pompeius
1413 708 1458 750 in
1489 708 1747 765 Hispaniam

172 777 496 838 descenderunt,
524 779 597 822 ille
623 779 797 836 quidem
822 780 867 822 in
891 780 1161 823 Lusitaniam
1187 782 1336 823 contra
1361 779 1626 823 Hirtuleium
1652 796 1750 837 pro-

171 849 375 909 fecturus,
406 851 477 894 hic
505 851 707 895 adversus
733 851 971 895 Sertorium
1002 867 1140 908 prope
1166 851 1380 894 Hiberum
1413 867 1462 894 ea
1493 852 1634 894 hieme
1658 868 1748 895 ver-

170 925 339 966 santem
364 926 408 966 et
432 923 695 980 Perpernam
713 923 1066 980 Herenniumque
1092 939 1413 981 progressuruS,
1438 924 1513 980 qui
1539 939 1637 967 orae
1663 940 1749 967 ma-

169 993 341 1038 ritimae
373 995 535 1051 oppida
565 996 812 1039 tuebantur.
874 996 933 1039 Et
965 1011 1225 1053 quamquam
1256 996 1398 1039 hieme
1430 1011 1624 1054 pugnam
1650 1012 1747 1039 cum

169 1065 377 1111 Romanis
413 1067 523 1110 inire
555 1067 770 1111 Sertorius
807 1068 976 1126 legatos
1012 1072 1207 1111 vetuerat
1240 1066 1315 1126 (fr.
1343 1067 1438 1126 53),
1474 1071 1621 1111 tamen
1652 1069 1750 1111 Per·
1763 1068 1819 1111 53

169 1153 306 1196 perna
337 1141 381 1182 et
411 1139 657 1183 Herennius
694 1140 748 1182 ad
777 1140 1024 1183 Valentiam
1057 1139 1132 1199 (fr.
1159 1139 1236 1199 54)
1276 1155 1374 1183 cum
1403 1140 1613 1196 Pompeio
1653 1156 1748 1184 con·
1762 1139 1821 1183 54
1887 1144 1890 1148 ’

169 1206 388 1268 aixerunt,
415 1226 502 1267 qua
526 1226 675 1269 pugna
694 1212 939 1255 Herennius
965 1212 1230 1270 interfectus,
1255 1212 1457 1255 Valentia
1482 1213 1587 1255 urbs
1607 1216 1746 1269 capta,

168 1281 264 1338 ipse
287 1282 506 1339 Perperna
537 1284 714 1341 fugatus
746 1286 811 1326 est
838 1282 988 1342 (Plut.
1014 1284 1184 1340 Pomp.
1211 1299 1244 1326 c.
1274 1285 1327 1327 18
1355 1284 1436 1327 sub
1463 1284 1547 1340 fin.,
1579 1285 1635 1327 fr.
1657 1283 1746 1343 55).
1762 1285 1819 1328 55

77 1383 82 1387 -
169 1353 385 1398 Sertorius
415 1354 590 1398 interim
623 1355 666 1398 C.
692 1355 956 1413 Memmium,
987 1356 1185 1412 Pompeii
1222 1359 1511 1412 quaestorem,
1543 1357 1617 1413 qui
1650 1372 1747 1400 cum

168 1425 303 1469 classe
336 1425 644 1485 Carthaginem
674 1427 843 1471 Novam
874 1431 1062 1485 venerat,
1094 1427 1140 1470 in
1172 1428 1335 1484 oppido
1367 1443 1417 1471 eo
1451 1429 1639 1486 obsedit3
1678 1429 1747 1472 cui

167 1499 314 1540 tamen
344 1501 497 1554 postea
528 1499 763 1557 contigisse
795 1499 975 1557 videtur,
1014 1502 1062 1542 ut
1094 1514 1191 1542 cum
1222 1499 1432 1556 Pompeio
1470 1516 1562 1543 sese
1601 1516 1747 1543 conso-
1785 1528 1794 1536 ·

167 1569 311 1613 ciaret.
363 1569 456 1622 Qua
486 1570 532 1613 in
557 1585 603 1613 re
636 1570 766 1613 etiam
787 1570 1094 1628 Carthaginem
1120 1571 1332 1627 oppidum
1357 1572 1495 1615 fusius
1515 1571 1745 1616 Sallustius

167 1641 396 1698 descripsit
427 1641 502 1701 (fr.
528 1643 598 1700 56,
630 1644 718 1699 57).
1752 1645 1885 1702 56,57

287 1713 405 1765 Quae
431 1714 533 1758 dum
557 1715 680 1772 fiunt,
705 1715 908 1758 Metellus
933 1716 978 1758 in
1003 1716 1227 1759 Lusitania
1252 1731 1350 1759 cum
1375 1716 1592 1760 Hirtuleio
1616 1717 1746 1775 Sego-

78 1804 87 1811 ·
165 1784 261 1829 viae
279 1800 535 1844 congressus
553 1787 694 1830 media
708 1787 800 1831 eius
820 1788 909 1830 acie
930 1788 1135 1831 cornibus
1155 1788 1243 1831 suis
1264 1788 1554 1831 circumventa
1569 1788 1744 1847 (Fron-
1758 1789 1814 1832 58

163 1857 254 1900 tin.
278 1855 322 1900 H
352 1859 398 1914 3,
417 1858 464 1915 5,
500 1858 608 1901 adde
639 1859 695 1901 fr.
722 1858 800 1917 58)
834 1859 963 1915 plane
994 1860 1215 1916 Hispanos
1254 1860 1411 1903 devicit
1448 1860 1743 1917 acerrimoque

163 1929 331 1986 proelio
367 1929 514 1986 ipsum
551 1930 702 1973 ducem
732 1930 999 1974 Hirtuleium
1033 1931 1189 1974 occidit
1221 1929 1296 1990 (fr.
1323 1930 1413 1990 59),
1447 1934 1542 1975 tum
1572 1934 1743 1990 magnis
1758 1933 1814 1976 59

163 2000 396 2045 itineribus
432 2002 486 2044 ad
516 2001 775 2059 Pompeium
807 2002 1132 2060 Sertoriumque
1164 2003 1218 2045 ad
1248 2018 1365 2045 mare
1403 2019 1551 2047 versus
1588 2020 1742 2061 prope-

162 2072 286 2116 ravit.
347 2072 432 2117 Sed
473 2073 520 2116 ln·
564 2077 786 2131 comperto
823 2075 1049 2118 Metellum
1093 2075 1322 2118 adventare
1367 2076 1517 2118 eodem
1559 2079 1741 2134 uterque

162 2144 395 2188 festinandi
422 2145 565 2189 studio
591 2146 646 2188 ad
671 2145 905 2189 Sucronem
930 2147 1110 2190 fluvium
1137 2163 1275 2203 aequo
1301 2147 1439 2190 Marte
1472 2148 1741 2206 dimicarunt,

162 2219 213 2260 ut
235 2216 472 2274 Pompeius
497 2233 522 2260 a
541 2217 732 2261 Sertorio
758 2218 1066 2275 devinceretur,
1090 2218 1308 2276 Afranius,
1333 2219 1532 2275 Pompeii
1558 2221 1740 2278 legatus,

162 2288 347 2357 alterum
377 2288 558 2333 Sertorii
596 2304 731 2333 cornu
768 2294 992 2346 superaret
1023 2294 1247 2347 castraque
1279 2290 1576 2347 Hispanorum
1608 2308 1740 2348 expu-

161 2363 316 2418 gnaret
354 2359 505 2420 (Plut.
538 2354 663 2405 sert.
702 2376 735 2404 c.
764 2363 838 2419 19,
876 2362 982 2405 adde
1019 2363 1075 2406 fr.
1103 2364 1179 2421 60,
1210 2361 1299 2421 61).
1362 2362 1454 2414 Quo
1492 2364 1538 2406 in
1570 2364 1817 2420 proelioGO,
1826 2364 1878 2406 61

161 2431 257 2489 ipse
293 2431 529 2490 Pompeius
570 2433 820 2477 vulneratus
857 2450 1044 2491 moxque
1083 2435 1128 2477 in
1165 2398 1270 2492 iuga
1308 2450 1444 2490 paene
1482 2438 1635 2491 captus
1673 2438 1738 2478 est

162 2503 312 2562 (Plut.
343 2505 514 2562 Pomp.
553 2520 586 2548 c.
616 2506 669 2548 19
708 2520 842 2562 usque
887 2506 941 2549 ad
982 2505 1084 2563 περὶ
1127 2508 1299 2551 τούτων
1343 2509 1583 2563 μαχόμενοι
1627 2509 1738 2563 πρὸς

161 2574 381 2631 ἀλλήλους
423 2575 782 2632 ἀπελείφθησαν,
825 2577 879 2618 ad
921 2577 1004 2620 hoc
1046 2577 1103 2620 fr.
1135 2579 1210 2635 62,
1243 2579 1332 2636 63).
1401 2578 1484 2621 Sed
1524 2579 1733 2633 postridie
1746 2579 1880 2636 62,63

150 2639 540 2704 ⁴appropinquante
571 2647 747 2690 Metello
780 2647 995 2692 Sertorius
1027 2664 1071 2692 se
1103 2649 1286 2707 recepit,
1321 2649 1556 2705 Pompeius
1593 2653 1736 2707 autem

159 2717 283 2762 illum
326 2719 500 2762 obviam
544 2719 629 2762 sibi
673 2719 836 2762 factum
879 2720 1057 2764 summis
1099 2721 1271 2777 excepit
1307 2721 1545 2763 honoribus
1584 2719 1734 2779 (Plut.

159 2789 328 2847 Pomp.
361 2805 394 2833 c.
423 2792 477 2834 19
509 2794 619 2847 part.
652 2790 792 2850 med).
854 2791 913 2835 Et
944 2795 1038 2835 tum
1071 2808 1095 2835 a
1127 2793 1317 2836 Sertorio
1351 2808 1474 2835 cerva
1504 2791 1586 2844 {illa
1623 2793 1734 2850 alba,

159 2876 288 2918 quam
326 2877 470 2906 secum
510 2877 637 2920 agere
682 2862 867 2921 solebat,
909 2867 1036 2907 antea
1080 2865 1235 2907 amissa
1276 2865 1421 2907 subito
1460 2866 1632 2920 reperta
1669 2868 1734 2908 est

159 2932 310 2992 (Plut.
342 2933 467 2978 Sert.
500 2949 532 2977 c.
559 2933 648 2993 20).

231 3010 464 3046 Sallustius,
483 3012 529 3038 ed.
549 3013 815 3039 Maurenbrecher.
840 3014 881 3039 ΙΙ.
1423 3010 1443 3042 6
