2034 3184
344 143 429 184 228
978 140 1175 186 Appendix
1199 140 1259 176 III.

1859 0 2034 156 ᾟἻι

345 250 464 304 dicit,
502 251 617 291 certa
651 249 779 290 huius
817 248 878 290 rei
910 251 1161 305 argumenta
1197 248 1370 290 minime
1402 248 1602 306 protulit,
1638 248 1769 292 immo
1795 258 1899 295 vero

346 336 440 362 cum
472 334 583 361 anno
611 321 666 362 73
698 319 885 362 ‘vitiosis
923 319 1269 376 magistratibus’
1302 318 1484 362 Galliam
1520 318 1738 362 laborasse
1768 318 1902 365 Sallu-

345 391 453 433 stius
478 390 527 431 fr.
554 389 615 431 HI
637 391 694 432 46
719 393 875 446 narret,
903 390 971 432 his
995 390 1138 433 verbis
1162 390 1390 433 Fonteium
1415 405 1624 445 perquam
1651 379 1677 432 a
1702 389 1902 435 Cicerone

344 462 565 503 laudatum
603 460 891 517 significatum
928 476 1019 504 esse
1049 462 1311 519 negaverim3
1355 476 1503 516 quare,
1541 461 1578 503 si
1620 463 1903 517 propraetura

344 532 513 574 Fonteii
551 531 674 573 annis
706 532 891 575 77—75
928 533 1202 575 attribuenda
1238 535 1320 589 est,
1363 532 1501 574 denuo
1542 531 1719 574 fulcitur
1755 531 1902 588 opinio

345 606 492 645 nostra
522 618 632 645 anno
660 604 713 645 77
740 603 950 646 hiemasse
975 603 1229 659 Pompeium
1261 603 1306 645 in
1332 602 1480 645 Gallia.
1507 629 1562 634 —
1588 603 1726 654 Quare
1752 602 1822 647 his
1851 603 1903 645 de

346 674 484 716 causis
521 674 740 717 advenisse
772 674 1027 730 Pompeium
1064 675 1109 716 in
1140 674 1394 730 Hispaniam
1425 689 1522 716 vere
1559 674 1660 716 anni
1686 675 1754 732 76,
1790 673 1906 730 quod

347 746 499 802 scripsi
531 746 576 788 in
608 745 943 802 prolegomenis,
981 746 1111 788 etiam
1141 760 1255 787 nunc
1292 745 1471 787 defendo
1509 760 1648 801 neque
1678 745 1764 787 iam
1802 746 1906 802 fore,

348 818 452 873 quin
482 832 648 860 mecum
681 818 930 873 consentiat,
961 817 1235 859 vehementer
1266 831 1403 872 spero.

464 888 628 930 Deinde
655 888 885 945 quaeritur,
917 903 1102 944 quonam
1127 888 1252 930 modo
1284 902 1352 930 res
1383 887 1520 929 bello
1551 886 1905 931 Mithridatico

347 962 493 1016 gestae
519 975 597 1014 per
623 959 816 1016 singulos
842 974 975 1002 annos
1001 959 1320 1001 distribuendae
1346 958 1444 1001 sint.
1491 957 1689 1014 Namque
1713 957 1790 1000 Th.
1811 957 1909 1000 Rei-

346 1031 455 1072 nach
486 1030 513 1072 l.
544 1030 570 1071 l.
603 1046 645 1085 p.
672 1032 757 1073 318
773 1045 836 1085 sq.
868 1030 930 1072 ita
966 1045 1034 1072 res
1065 1030 1307 1086 constituit,
1349 1032 1398 1072 ut
1427 1028 1683 1074 Nicomedes
1725 1031 1908 1072 exeunte

348 1117 458 1144 anno
477 1103 532 1144 74
550 1103 746 1143 mortuus
765 1101 990 1157 hiemeque
1010 1101 1159 1144 foedus
1178 1101 1339 1144 factum
1360 1103 1472 1143 esset
1490 1100 1603 1143 inter
1614 1099 1910 1143 Mithridatem
1996 1151 1998 1153 ,
2032 1136 2034 1143 1

349 1175 392 1214 et
421 1172 669 1229 Sertorium,
700 1188 798 1214 vere
829 1172 930 1215 anni
957 1174 1011 1216 73
1044 1172 1207 1214 bellum
1238 1175 1458 1228 coeptum,
1493 1170 1738 1214 obsidiones
1769 1170 1909 1226 Cyzici

347 1243 571 1299 Amisique
603 1243 786 1285 fuissent
818 1259 1026 1286 annorum
1059 1242 1186 1299 73s72
1218 1246 1260 1285 et
1288 1243 1412 1299 72s71
1445 1242 1587 1284 hieme
1618 1257 1667 1285 ac
1697 1241 1910 1298 proelium

350 1314 579 1357 Cabirense
611 1317 772 1357 aestate
800 1316 868 1370 71,
899 1315 1081 1370 denique
1113 1314 1272 1370 Sinope
1311 1317 1438 1370 atque
1469 1313 1676 1356 Heraclea
1711 1328 1823 1356 anno
1856 1315 1912 1356 70

349 1388 500 1441 captae
538 1388 690 1428 essent.
759 1384 894 1434 Quem
940 1385 1074 1427 secuti
1113 1387 1212 1427 sunt
1249 1384 1300 1427 A.
1327 1384 1464 1440 Tilley
1496 1387 1539 1426 et
1569 1385 1616 1427 P.
1641 1384 1799 1441 Jurges
1828 1383 1855 1426 l.
1883 1383 1911 1426 1.

350 1472 390 1511 p.
411 1457 598 1499 24—34.
647 1455 854 1498 Attamen
880 1456 985 1498 belli
1010 1456 1138 1498 huius
1164 1456 1374 1499 rationem
1394 1455 1602 1511 temporis
1621 1455 1726 1498 satis
1745 1453 1911 1498 definiri

350 1530 457 1583 puto
483 1527 589 1569 locis
614 1527 756 1569 tribus
782 1527 868 1570 illis
893 1528 1113 1570 Plutarchi
1140 1531 1183 1570 et
1201 1527 1467 1584 Phlegontis,
1494 1527 1652 1582 quibus
1676 1526 1911 1584 prolegom.

350 1614 391 1653 p.
417 1600 472 1640 47
505 1598 625 1640 nisus
657 1613 769 1655 sum,
808 1613 904 1640 cum
936 1598 1108 1640 initium
1140 1599 1244 1641 belli
1276 1613 1386 1641 anno
1420 1598 1477 1641 74
1507 1597 1805 1654 attribuerem;
1835 1597 1912 1640 sci-

350 1669 451 1710 licet
480 1668 652 1726 Jiirges,
684 1670 757 1724 qui
790 1669 1013 1711 Reinachii
1044 1669 1133 1727 (vel
1157 1670 1304 1725 potius
1329 1667 1463 1727 Ihm'i)
1494 1669 1742 1724 opinionem
1772 1668 1912 1724 copio-

351 1740 439 1782 sius
471 1740 736 1796 argumentis
760 1741 929 1782 firmare
955 1740 1112 1795 studet,
1142 1741 1313 1796 saepius
1342 1740 1630 1783 contradicere
1655 1739 1914 1795 scriptorum

351 1811 581 1853 memoriae
613 1811 720 1853 mihi
750 1811 930 1854 videtur.

469 1881 613 1937 Atque
652 1897 793 1938 causa,
835 1898 887 1924 ex
925 1897 1009 1938 qua
1045 1882 1291 1926 Nicomedis
1328 1886 1510 1925 mortem
1547 1897 1658 1924 anno
1692 1881 1766 1940 74,
1808 1880 1913 1924 belli

353 1953 476 1994 initia
501 1968 612 1995 anno
641 1955 695 1996 73
728 1953 917 1996 evenisse
943 1953 1058 2011 dicit,
1088 1954 1323 1996 Reinachio
1349 1954 1523 1996 fuerunt
1553 1952 1717 1996 nummi
1741 1952 1914 2008 quidam

352 2024 599 2067 Nicomedis
630 2023 692 2066 HI
723 2039 834 2066 anno
866 2039 987 2067 aerae
1012 2025 1242 2080 Bithyniae
1269 2027 1355 2068 224
1387 2023 1481 2083 (qui
1513 2039 1649 2066 annus
1678 2023 1915 2079 incipiebat

353 2095 450 2137 inde
489 2096 542 2137 ab
583 2094 761 2137 Octobri
800 2096 899 2137 anni
933 2096 989 2138 74
1026 2111 1060 2138 a.
1094 2095 1191 2139 Chr.
1222 2095 1283 2154 n.)
1320 2095 1475 2152 incusi3
1518 2098 1563 2137 at
1598 2095 1678 2137 hos
1716 2094 1910 2150 equidem

353 2182 440 2208 non
471 2182 496 2207 a
525 2166 758 2209 Nicomede
789 2166 862 2218 ΠΙ,
894 2167 968 2209 sed
999 2182 1024 2208 a
1053 2167 1143 2210 filio
1179 2167 1288 2224 eius,
1326 2182 1453 2222 quem
1483 2181 1629 2223 regem
1659 2181 1685 2208 a
1714 2165 1917 2222 Bithynis

354 2237 461 2292 ipsis
486 2237 799 2292 proclamatum
819 2253 910 2280 esse
929 2238 1207 2281 Nicomedem
1226 2238 1287 2281 IV
1307 2238 1474 2294 scimus,
1500 2239 1637 2280 factos
1662 2252 1753 2280 esse
1771 2235 1915 2281 existi-

355 2308 575 2365 maverim3
614 2308 775 2351 scilicet
813 2309 955 2365 imago
993 2309 1046 2351 iis
1083 2309 1292 2365 impressa
1329 2312 1394 2352 est
1429 2308 1676 2352 Nicomedis
1699 2307 1741 2350 Π
1775 2322 1915 2363 neque

357 2380 589 2436 quidquam
631 2379 809 2422 interest
853 2380 965 2422 inter
1000 2395 1090 2438 eos,
1135 2381 1209 2436 qui
1247 2380 1493 2424 Nicomedis
1523 2379 1564 2422 H
1606 2378 1787 2434 imperio
1824 2378 1914 2432 ¹orti

357 2454 469 2506 sunt,
489 2466 657 2507 eosque,
681 2450 753 2506 qui
773 2450 1005 2493 Nicomede
1025 2451 1086 2493 HI
1104 2454 1311 2508 regnante
1331 2451 1489 2508 signati
1509 2453 1627 2494 sunt:
1650 2449 1763 2492 unde
1781 2449 1916 2507 igitur

358 2522 438 2564 scit
465 2522 656 2564 Reinach
686 2522 766 2564 hos
793 2527 991 2564 nummos
1016 2538 1127 2565 anno
1156 2525 1211 2565 74
1236 2523 1304 2565 vel
1330 2524 1384 2565 73
1415 2523 1586 2565 incusos
1617 2535 1707 2564 esse
1737 2535 1763 2562 a
1792 2522 1915 2576 patre

358 2608 471 2649 rege,
501 2608 588 2635 non
618 2608 643 2634 a
673 2592 793 2634 filio?
825 2591 1023 2635 Ceterum
1053 2608 1106 2635 ne
1138 2593 1182 2635 id
1208 2593 1379 2649 quidem
1403 2593 1591 2647 mirarer,
1623 2591 1659 2635 si
1682 2591 1915 2636 Nicomede

359 2679 459 2720 rege
486 2679 596 2705 anno
619 2663 674 2706 75
695 2666 865 2705 mortuo
892 2663 1018 2706 bellis
1044 2664 1203 2707 circum
1228 2664 1516 2707 saevientibus
1540 2662 1720 2718 Bithyni
1746 2662 1916 2704 eosdem

359 2749 631 2776 nummorum
661 2737 791 2789 typos
823 2733 952 2775 etiam
977 2749 1088 2778 anno
1117 2736 1172 2778 74
1202 2734 1493 2791 repetiissent3
1524 2748 1625 2776 sane
1655 2735 1749 2776 tum
1777 2746 1916 2788 neque

361 2805 505 2847 extitit
535 2821 623 2863 rex,
653 2805 736 2847 nisi
773 2805 1018 2848 adulescens
1048 2806 1138 2861 ille,
1174 2821 1313 2862 neque
1345 2808 1436 2848 erat
1466 2820 1546 2861 pro
1577 2803 1748 2848 consule
1778 2817 1916 2859 neque

361 2875 443 2916 iam
463 2875 735 2918 Mithridates
754 2876 943 2932 regebat.
986 2876 1135 2932 Itaque
1156 2877 1335 2919 abiectis
1360 2876 1428 2919 his
1447 2875 1633 2919 nummis
1652 2876 1750 2917 ante
1775 2873 1918 2916 omnia
