2034 3184
304 160 532 210 Fragmenta
551 166 607 199 40.
623 165 679 199 41.
700 183 748 189 -
765 160 966 199 Enarratio
986 169 1139 202 42-—55.
1161 186 1205 192 -
1225 161 1454 213 Fragmenta
1467 170 1523 204 42.
1538 170 1594 203 43.
1654 164 1738 208 173

165 285 198 316 c.
227 273 282 316 12
309 272 361 316 ad
392 271 478 326 ἔξει
509 273 639 330 χάριν
669 270 696 328 ἢ
727 270 826 328 περὶ
858 279 936 329 τῆς
961 274 1110 331 ἀρχῆς,
1142 275 1197 318 fr.
1224 275 1312 334 48).
1375 275 1464 320 Iam
1490 292 1660 321 reverso
1686 292 1739 320 ex
1758 277 1815 320 48

164 343 377 402 Hispania
413 345 590 388 Metello
635 343 709 403 (fr.
741 343 819 402 49)
856 345 1091 401 Pompeius
1134 364 1219 390 una
1263 364 1359 391 cum
1403 350 1552 393 eodem
1589 350 1736 393 trium·
1756 349 1814 391 49

162 414 315 474 phavit
346 419 566 473 postremo
598 416 757 459 mensis
793 416 1045 460 Decembris
1084 419 1163 473 die,
1202 423 1432 476 antequam
1470 422 1740 464 consulatum

160 487 278 544 iniit3
303 491 348 532 et
368 487 546 532 Crassus
571 488 814 532 ovationem
833 492 985 531 nactus
1005 493 1081 532 est.
1131 491 1214 533 Sed
1240 492 1359 534 brevi
1387 496 1487 548 post
1506 493 1740 548 Pompeius

14 604 21 624 ἑ
162 573 214 604 ac
237 559 417 603 Crassus
442 560 638 603 consules
669 559 808 602 denuo
841 559 1081 603 inimicitiis
1113 565 1242 617 atque
1272 564 1558 606 aemulatione
1584 564 1740 607 infensi

12 626 52 644 M
84 662 91 666 κ
163 631 248 674 sibi
280 631 384 674 facti
415 635 534 689 sunt,
571 647 667 674 cum
699 631 771 674 ille
803 631 965 689 plebis,
1003 633 1072 675 hic
1108 637 1282 676 senatus
1315 638 1459 690 partes
1491 639 1741 691 sequeretur

162 703 239 760 (fr.
265 703 336 760 50,
360 702 450 761 51).
512 703 604 755 Quo
630 703 907 761 popularium
940 704 1083 748 studio
1110 709 1350 748 commotus
1374 706 1608 762 Pompeius
1640 722 1737 749 cum
1757 710 1898 765 50,-51

161 773 314 818 Crasso
350 774 629 818 tribuniciam
666 778 928 831 potestatem
967 776 1095 832 plane
1133 777 1343 834 restituit,
1387 781 1430 820 et
1468 778 1597 833 paulo
1636 782 1737 833 post

163 845 382 890 ‘Aurelius
409 845 536 890 Cotta
565 846 707 905 legem
732 847 847 903 tulit,
879 851 927 890 ut
960 851 1178 891 senatores
1205 852 1247 891 et
1280 850 1447 905 equites
1472 850 1655 892 Romani
1688 865 1737 892 ac

8 900 29 969 ἒ
159 917 327 961 tribuni
359 919 512 961 aerarii
543 919 672 962 simul
706 919 971 962 iudicarent'.
1033 920 1197 963 Eodem
1231 936 1342 964 anno
1376 921 1505 964 etiam
1540 936 1736 964 censores

7 971 27 1039 i:
161 989 293 1033 creati
325 993 426 1032 sunt
456 990 503 1032 L.
531 990 694 1033 Gellius
727 990 801 1033 Cn.
827 991 1036 1034 Lentulus
1064 991 1305 1048 Clodianus,
1338 993 1411 1048 qui
1441 1008 1608 1035 summa
1639 1009 1736 1036 cum

4 1068 25 1148 ἓ
158 1061 385 1104 severitate
415 1077 592 1104 munere
624 1062 762 1105 functi
794 1066 913 1119 sunt,
945 1063 1105 1105 etenim
1136 1064 1297 1107 multos
1329 1068 1480 1107 senatu
1509 1068 1736 1108 moverunt

17 1182 22 1188 5
157 1136 232 1176 aut
254 1133 402 1176 ordine
422 1133 611 1189 equestri
633 1134 927 1190 excluserunt3
953 1135 997 1177 in
1024 1135 1120 1190 quis
1145 1136 1276 1178 etiam
1297 1135 1550 1179 ‘Antonium
1572 1137 1736 1180 Gellius

2 1150 19 1262 ἒ
157 1209 201 1248 et
230 1205 458 1267 Lentulus>
484 1208 635 1248 senatu
676 1209 903 1248 moverunt
940 1222 1174 1263 causasque
1222 1208 1582 1265 subscripserunt,
1621 1210 1735 1265 quod

2 1265 16 1360 Ξ
156 1277 296 1321 socios
327 1277 573 1335 diripuerit,
611 1278 726 1334 quod
764 1279 968 1321 iudicium
1006 1279 1231 1336 recusarit,
1267 1281 1382 1335 quod
1414 1284 1595 1336 propter
1626 1283 1735 1324 aeris

156 1349 287 1394 alieni
321 1351 652 1406 maym’tudinem
691 1349 766 1408 (fr.
794 1349 871 1409 52)
910 1351 1084 1406 praedia
1120 1352 1377 1407 manciparit
1422 1353 1620 1409 bonaque
1658 1369 1734 1396 sua
1754 1355 1811 1397 52

0 1386 15 1469 Ε
155 1421 203 1464 in
222 1424 440 1478 potestate
464 1437 553 1465 non
577 1422 752 1465 habeat’
774 1421 974 1480 (Ascon.
1000 1423 1058 1465 ad
1086 1421 1182 1465 Cic.
1208 1426 1308 1481 tog.
1336 1425 1471 1467 cand.
1498 1440 1539 1480 p.
1561 1426 1618 1468 84
1631 1424 1733 1483 On).

0 1496 13 1561 ξ
154 1493 383 1538 Praeterea
407 1493 536 1536 huius
558 1494 658 1536 anni
679 1497 842 1536 aestate
863 1493 906 1537 C.
925 1494 1083 1537 Verres
1102 1494 1272 1537 Siciliae
1299 1499 1474 1550 praetor
1499 1512 1524 1538 a
1542 1496 1598 1539 M.
1621 1496 1733 1540 Cice-

155 1579 260 1610 rone
290 1566 627 1622 repetundarum
657 1581 755 1608 reus
785 1566 926 1608 factus
958 1568 1023 1608 est
1055 1565 1130 1624 (fr.
1158 1566 1373 1625 53—55)3
1409 1568 1530 1610 cuius
1561 1569 1606 1611 in
1637 1569 1731 1612 loco
1753 1571 1822 1627 53,
1837 1571 1905 1627 54,
1920 1572 1976 1614 55

155 1652 268 1681 anno
290 1639 348 1682 70
371 1638 422 1686 L.⁴
437 1638 652 1695 Metellus,
679 1639 790 1680 ‘cum
811 1637 1057 1680 foedissima
1077 1638 1151 1680 illa
1172 1638 1215 1680 O.
1235 1638 1383 1682 Verris
1409 1643 1612 1696 praetura
1632 1641 1734 1684 Sici-

154 1708 259 1753 liam
278 1709 493 1753 adflictam
513 1709 758 1766 invenisset,
779 1709 964 1752 maxime
983 1710 1256 1767 Pyrganione
1276 1711 1538 1767 archipirata
1557 1713 1733 1755 nefariis

153 1781 325 1838 praedis
356 1785 400 1825 et
425 1781 628 1825 caedibus
660 1781 931 1836 dilacerante,
964 1781 1038 1837 qui
1071 1781 1196 1837 pulsa
1228 1782 1361 1825 classe
1387 1783 1581 1827 Romana
1608 1784 1731 1840 Syra-

154 1868 360 1897 cusanum
373 1857 550 1910 portum
563 1853 824 1909 obtinuerat,
844 1868 972 1909 quem
992 1868 1093 1895 mox
1108 1854 1249 1896 navali
1264 1856 1543 1912 terrestrique
1564 1857 1729 1912 proelio

154 1925 467 1969 comminutum
499 1925 645 1968 Sicilia
683 1925 885 1967 decedere
927 1926 1155 1981 compulit'
1187 1925 1346 1983 (Oros.
1373 1927 1435 1970 VI
1460 1931 1500 1985 3,
1526 1928 1585 1986 5).
1649 1929 1732 1971 Sed

152 1995 316 2040 Romae
335 2001 519 2040 exeunte
539 1998 713 2040 tandem
733 2012 844 2040 anno
866 2001 1040 2040 auctore
1061 1997 1104 2040 C.
1125 1997 1302 2041 Aurelio
1323 2000 1467 2054 equite
1482 2000 1537 2043 M.
1555 2000 1731 2043 Crassus

152 2068 472 2126 Pompeiusque
508 2069 772 2112 reconciliati
815 2073 917 2112 sunt
963 2069 1113 2127 (Plut.
1152 2069 1320 2125 Pomp.
1348 2086 1380 2113 c.
1408 2073 1464 2114 23
1504 2088 1638 2128 usque
1679 2072 1732 2114 ad

152 2139 374 2185 ἀπέθεντο
404 2141 486 2196 τὴν
518 2139 690 2199 ἀρχήν).

798 2256 1080 2303 Fragmenta.

272 2331 382 2377 42³².
443 2331 727 2390 Multisque
760 2333 1151 2389 suspicionibus
1182 2334 1414 2378 volentia
1454 2337 1597 2392 plebi
1630 2338 1730 2379 fac-

150 2406 300 2448 turus
329 2405 635 2448 habebatur.

269 2499 377 2546 App.
427 2500 493 2546 <IV
512 2504 556 2536 31
571 2499 615 2546 D,
643 2504 687 2535 56
703 2499 746 2545 K,
773 2504 818 2535 33
834 2499 877 2546 e,
903 2500 937 2535 11
962 2512 997 2547 p.
1020 2504 1088 2537 174
1102 2500 1178 2548 Br.)
1205 2523 1249 2529 -
1276 2502 1420 2559 Nonius
1440 2502 1474 2538 11
1498 2515 1533 2548 p.
1557 2506 1634 2539 186.

269 2565 438 2605 Gomm.
481 2566 569 2605 Hoc
594 2565 746 2605 dictum
766 2578 850 2605 esse
871 2566 918 2605 de
939 2566 1142 2620 Pompeio,
1169 2581 1260 2607 cum
1285 2569 1361 2608 iter
1379 2570 1548 2608 Romam
1567 2570 1727 2621 faceret,

150 2625 336 2677 sequitur
366 2639 387 2664 e
419 2625 526 2665 Plut.
553 2626 691 2676 Pomp.
718 2639 748 2665 c.
772 2629 847 2665 21:
867 2626 916 2665 ἲν
948 2626 1151 2667 αἰτιᾶσθαι
1181 2632 1263 2675 τοῖς
1295 2629 1555 2680 βασκαίνουσι
1586 2635 1727 2682 περιῆν

150 2683 384 2737 ὑπόλοιπον,
415 2683 474 2724 ὅτι
503 2688 562 2741 τῷ
595 2685 727 2742 δήμῳ
758 2683 1014 2739 προσνέμει
1045 2690 1223 2739 μᾶλλον
1253 2687 1425 2728 ἑαυτὸν
1456 2687 1481 2740 ἢ
1512 2695 1558 2744 τῇ
1589 2690 1727 2746 βουλῇ.

269 2775 379 2821 43*.
451 2776 508 2819 Μ.
547 2777 748 2820 Lollius
791 2777 1084 2836 Palicanus,
1133 2779 1315 2822 humili
1366 2780 1477 2822 loco
1527 2780 1726 2839 Picens,

148 2848 338 2906 loquax
374 2849 539 2906 magis
570 2864 715 2905 quam
749 2850 1011 2894 facundus.

267 2943 374 2989 App.
425 2943 490 2987 (Ν
510 2943 617 2989 251),
651 2943 759 2990 ΜΚ,
786 2948 831 2979 35
846 2943 894 2990 c,
927 2945 962 2980 11
992 2957 1026 2991 p.
1049 2950 1118 2981 442
1134 2946 1208 2991 ΒΥ.)
1245 2968 1292 2972 -
1331 2946 1552 2990 Quintilian.
1579 2947 1630 2983 1v
1651 2953 1682 2994 2,
1705 2953 1725 2983 2
