1976 3190
795 137 1062 183 Fragmentum
1090 140 1145 174 ⁷7.
1697 136 1754 179 35

43 223 126 306 ,ξ’-ά
146 273 155 278 -
178 269 230 294 »ιι
256 285 261 290 .
297 245 360 291 Et:
395 261 554 303 quaeso
592 245 858 290 considerate
897 261 1027 302 quam
1066 260 1270 289 conversa
1306 261 1450 289 rerum
1486 248 1642 289 natura
1680 245 1754 288 sit:
1779 255 1821 287 13

51 308 73 320 i
112 334 113 338 ’
173 320 308 365 ntea
336 318 500 362 malum
529 317 756 375 publicum
787 317 966 373 occulte,
997 317 1159 360 auxilia
1190 318 1335 373 palam
1360 317 1689 360 instruebantur
1713 320 1758 359 et

166 402 238 436 ⁴no,
264 389 371 435 boni
401 389 540 433 malos
570 389 696 434 facile
727 389 974 445 anteibant3
1004 403 1119 432 nunc
1150 404 1236 444 pax
1268 391 1312 431 et
1344 389 1572 432 concordia
1603 387 1757 432 distur-

180 460 342 516 Qtur
383 461 547 519 palam,
589 461 877 505 defenduntur
916 460 1099 517 occulte3
1150 460 1310 516 quibus
1353 460 1428 503 illa
1472 460 1664 517 placent,
1712 459 1759 503 in

160 524 312 579 *armis
343 535 456 591 sunt,
492 548 570 577 vos
599 532 647 576 in
683 535 813 576 metu.
875 532 988 584 Quid
1019 532 1290 588 expectatis?
1349 531 1447 576 Nisi
1478 533 1590 575 forte
1622 531 1759 588 pudet

178 606 256 649 aut
291 604 416 663 piget
453 607 570 648 recte
606 605 756 648 facere.
818 603 889 647 An
919 603 1074 660 Lepidi
1111 603 1315 646 mandata
1351 603 1518 647 animos
1555 603 1757 646 movere?
1780 613 1823 644 14

12 646 59 711 L¹-
93 691 97 694 ·
178 674 265 727 Qui
304 675 475 732 placere
513 676 576 720 ait
615 691 692 720 sua
732 675 886 733 cuique
925 675 1047 718 reddi
1079 678 1124 718 et
1163 675 1304 718 aliena
1347 678 1479 733 tenet,
1520 675 1625 718 belli
1666 675 1759 718 iura

178 746 383 804 rescindi,
421 762 519 791 cum
549 747 643 804 ipse
680 747 811 791 armis
849 750 996 805 cogat,
1037 747 1256 791 civitatem
1298 747 1560 803 confirmari,
1599 747 1759 803 quibus

177 818 428 876 ademptam
474 822 625 878 negat,
675 819 926 863 concordiae
976 819 1119 877 gratia
1166 818 1446 863 tribuniciam
1495 821 1758 874 potestatem

176 889 368 949 restitui,
405 906 460 934 ex
490 906 577 948 qua
607 906 756 935 omnes
787 891 1023 935 discordiae
1041 906 1274 934 accensae.
1335 890 1527 934 Pessime
1566 890 1759 933 omnium
1781 900 1824 932 15

177 964 310 1020 atque
352 961 745 1021 impudentissime,
786 963 926 1006 tibine
967 965 1137 1021 egestas
1175 962 1334 1006 civium
1372 964 1416 1005 et
1452 962 1596 1005 luctus
1633 977 1758 1005 curae

178 1033 310 1079 sunt?
360 1032 440 1077 Cui
463 1034 576 1077 nihil
601 1038 667 1078 est
699 1035 827 1091 domi,
857 1034 943 1078 nisi
968 1034 1099 1078 armis
1131 1037 1306 1090 partum
1334 1034 1410 1077 aut
1435 1049 1514 1090 per
1538 1033 1758 1076 iniuriam!

177 1103 380 1151 Alterum
403 1105 676 1149 consulatum
706 1107 833 1163 petis,
867 1106 990 1163 quasi
1021 1106 1211 1162 primum
1234 1105 1482 1161 reddideris,
1514 1105 1630 1148 bello
1662 1121 1758 1149 con—

176 1176 368 1223 cordiam
404 1177 576 1234 quaeris
614 1193 699 1234 quo
738 1181 864 1235 parta
902 1178 1189 1234 disturbatur,
1229 1177 1367 1221 nostri
1406 1177 1622 1235 proditor,
1662 1177 1758 1220 istis

166 1248 349 1308 infidus,
372 1249 513 1292 hostis
538 1250 733 1293 omnium
758 1250 989 1293 bonorum!
1042 1249 1105 1294 Ut
1130 1252 1174 1293 te
1198 1264 1341 1306 neque
1366 1249 1592 1292 hominum
1615 1264 1759 1305 neque

177 1320 356 1365 deorum
374 1321 522 1378 pudet,
549 1336 659 1378 quos
678 1337 757 1378 per
775 1322 906 1364 fidem
925 1324 1000 1364 aut
1022 1321 1213 1378 periurio
1238 1321 1429 1364 violasti!
1479 1321 1562 1371 Qui
1588 1321 1758 1377 quando
1782 1332 1824 1364 16

177 1392 280 1437 talis
310 1407 374 1450 es,
411 1408 586 1436 maneas
618 1393 664 1436 in
701 1393 916 1436 sententia
946 1395 990 1436 et
1021 1393 1210 1436 retineas
1245 1408 1365 1436 arma
1395 1395 1439 1435 te
1470 1393 1637 1450 hortor,
1673 1408 1760 1436 neu

180 1463 450 1521 prolatandis
481 1464 781 1522 seditionibus,
813 1465 982 1521 inquies
1013 1465 1121 1523 ipse,
1151 1480 1232 1508 nos
1263 1465 1309 1507 in
1341 1464 1630 1507 sollicitudine
1661 1465 1759 1508 atti-

177 1550 299 1595 neas3
328 1551 470 1594 neque
495 1539 539 1580 te
570 1536 817 1592 provinciae
848 1551 988 1593 neque
1019 1536 1139 1594 leges
1164 1551 1304 1592 neque
1330 1536 1390 1579 dii
1416 1539 1596 1592 penates
1623 1536 1759 1579 civem

179 1607 422 1664 patiuntur:
459 1623 593 1666 perge
626 1623 711 1665 qua
742 1610 937 1665 coeptas,
974 1611 1024 1651 ut
1055 1623 1186 1665 quam
1222 1608 1475 1651 maturrime
1512 1608 1667 1652 merita
1698 1609 1758 1651 in—

177 1679 335 1742 venias.

296 1750 389 1796 Vos
418 1755 582 1809 autem,
619 1756 766 1809 patres
804 1752 1056 1810 conscripti,
1095 1767 1182 1809 quo
1214 1767 1351 1809 usque
1389 1751 1632 1796 cunctando
1667 1766 1759 1794 rem
1781 1763 1822 1795 17

179 1823 401 1880 publicam
426 1824 615 1867 intutam
640 1825 867 1881 patiemini
891 1828 934 1868 et
958 1824 1104 1867 verbis
1130 1840 1248 1868 arma
1273 1825 1578 1881 temptabitis‘?
1621 1823 1760 1866 Dilec-

177 1897 250 1939 tus
280 1895 484 1939 adversus
508 1911 586 1939 vos
617 1896 772 1953 habiti,
802 1896 1009 1953 pecuniae
1040 1896 1216 1952 publice
1249 1899 1292 1938 et
1320 1896 1526 1952 privatim
1551 1898 1759 1952 extortae,

178 1967 394 2024 praesidia.
422 1967 604 2011 deducta
630 1971 760 2025 atque
786 1968 1003 2025 imposita,
1036 1983 1089 2010 ex
1119 1968 1301 2011 libidine
1333 1968 1453 2025 leges
1478 1967 1759 2023 imperantur,

178 2053 278 2082 cum
307 2038 484 2083 interim
514 2055 591 2083 vos
620 2040 790 2099 legatos
821 2043 865 2083 et
891 2041 1061 2083 decreta
1085 2040 1267 2096 paratis!
1317 2039 1488 2091 Quanto
1514 2038 1758 2082 mehercule

178 2110 346 2154 avidius
363 2125 517 2168 pacem
540 2111 770 2168 petieritis,
796 2115 919 2155 tanto
946 2111 1111 2154 bellum
1136 2111 1276 2154 acrius
1297 2111 1390 2167 erit,
1417 2125 1515 2154 cum
1534 2110 1759 2167 intelleget

178 2196 224 2224 se
254 2184 375 2225 metu
411 2182 551 2240 magis
589 2198 718 2239 quam
755 2181 901 2240 aequo
933 2186 976 2226 et
1014 2184 1130 2226 bono
1168 2185 1471 2226 sustentatum.
1531 2182 1646 2226 Nam
1684 2181 1758 2238 qui
1782 2194 1823 2225 18

179 2253 347 2316 turbas.
369 2256 413 2296 et
450 2254 624 2297 caedem
660 2254 819 2298 civium
858 2255 998 2298 odisse
1037 2255 1098 2297 ait
1137 2258 1180 2298 et
1218 2255 1274 2298 ob
1313 2254 1358 2297 id
1395 2257 1560 2297 armato
1592 2253 1757 2310 Lepido

178 2339 256 2370 vos
286 2325 475 2370 inermos
506 2326 677 2383 retinet,
709 2341 818 2383 quae
845 2324 975 2370 'vietis
1006 2326 1229 2369 toleranda
1261 2329 1362 2369 sunt
1394 2341 1455 2383 ea,
1490 2341 1587 2369 cum
1618 2327 1757 2368 facere

183 2398 373 2456 possitis,
404 2398 632 2456 patiamini
664 2398 812 2456 potius
843 2401 1005 2456 censet3
1036 2399 1099 2442 ita
1129 2398 1194 2442 illi
1226 2414 1252 2441 a
1282 2399 1407 2442 vobis
1438 2413 1601 2455 pacem,
1632 2397 1758 2440 vobis

300 2541 565 2579 Testimon.:
594 2546 649 2578 16.
676 2540 950 2588 maturrimum,
974 2542 1022 2588 cf.
1048 2541 1166 2580 locwm
1190 2541 1241 2578 ad
1264 2541 1312 2586 fr.
1340 2543 1390 2577 66
1414 2540 1618 2577 laudatum.

301 2676 358 2711 14.
384 2673 513 2721 cogat]
539 2674 632 2719 agat
656 2674 747 2710 coni.
778 2673 900 2710 Orelli.
926 2671 1124 2719 —plebei
1150 2676 1235 2708 ante
1258 2670 1503 2707 tribuniciam
1527 2671 1757 2716 potestatem

176 2722 289 2772 vulyo
311 2722 400 2759 inde
423 2722 471 2759 ab
498 2721 675 2758 Carrione
700 2721 864 2766 additum,
883 2732 1078 2768 perperam
1102 2732 1148 2757 ex
1171 2721 1286 2756 altero
1312 2721 1387 2755 loco
1412 2731 1436 2755 a
1456 2719 1651 2755 Pri-seiano
1677 2719 1755 2754 lau-

176 2767 271 2807 dato
293 2770 365 2807 huc
387 2768 551 2814 t'llatvnn,
577 2770 623 2814 cf.
643 2770 692 2814 fr.
712 2769 742 2804 Ι
755 2770 814 2806 73.

303 2821 358 2854 16.
383 2797 619 2872 provinciae]
644 2816 777 2863 populi
801 2815 963 2852 Romani
993 2815 1137 2852 iudicia
1168 2826 1261 2852 com.
1286 2814 1461 2861 Madvig,
1490 2813 1758 2893 magistratum

177 2868 264 2912 post
285 2875 505 2912 promclae
530 2866 616 2901 add.
643 2864 803 2902 Dietsch
832 2886 875 2891 —
901 2861 1137 2911 maturrime]
1163 2862 1363 2898 maturime
1391 2862 1431 2898 V.

303 2917 358 2951 18
386 2923 426 2949 se
440 2917 534 2959 post
558 2911 683 2950 odisse
709 2913 795 2949 add.
814 2913 976 2957 Dietsch,
998 2917 1082 2959 poet
1104 2912 1237 2947 turbas
1264 2910 1434 2956 Madviy.

1424 2970 1470 3004 3*
