1976 3190
243 176 326 218 124
717 174 871 211 Sallusti
897 175 1146 215 Historiarum
1171 178 1235 215 lib.
1256 180 1316 215 ΠΙ.
1375 221 1382 227 ,

856 365 1061 413 CAPUT
1094 366 1177 414 ΙΙΙ.

372 467 463 511 Res
495 469 705 512 minores
738 469 874 513 annis
903 468 962 512 74
988 470 1037 512 et
1064 468 1088 512 7
1096 469 1122 513 3
1155 455 1330 525 gestae,
1364 470 1428 514 fr.
1455 462 1656 517 43—51.

889 596 1134 633 Enarratio.

352 671 531 715 Ineunte
562 687 674 716 anno
708 675 763 716 74
794 673 838 715 in
869 672 1121 728 Hispania
1152 672 1443 715 Romanorum
1475 673 1647 729 quidem
1677 689 1793 718 exer-

236 742 346 785 citus
370 744 564 799 pecunia,
590 743 916 799 supplementis,
941 743 1107 786 duabus
1131 739 1253 786 novis
1278 744 1524 800 legionibus
1543 745 1656 788 aucti
1681 748 1794 803 sunt,

235 814 470 856 Sertorium
509 830 608 857 vero
649 818 741 857 tum
785 814 988 870 permulti
1034 814 1206 856 exulum
1251 815 1527 857 deseruerunt
1569 818 1698 871 atque
1741 816 1795 859 ad

234 884 451 929 Romanos
488 887 788 943 perfugerunt,
832 886 924 940 ipse
969 888 1110 927 autem
1149 885 1362 928 Sertorius
1406 901 1497 943 eos,
1541 887 1615 942 qui
1653 880 1796 930 secum

235 961 367 1014 erant,
399 958 616 1000 Romanos
642 956 899 1012 proditionis
925 959 1148 1012 suspectos
1173 957 1332 999 habere
1359 957 1502 1012 coepit
1527 955 1668 1014 (App.
1695 958 1736 1000 b.
1762 973 1795 1002 c.

233 1029 253 1070 I
283 1030 364 1070 112
397 1043 531 1083 usque
564 1028 616 1069 ad
647 1028 670 1071 ὁ
703 1026 784 1083 μὲν
810 1028 863 1082 δὴ
891 1029 1074 1083 στρατὸς
1099 1023 1185 1069 ὧδε
1204 1024 1298 1085 ,εἶχε
1324 1027 1600 1087 Σερτωρίῳ);
1633 1029 1795 1085 quippe

233 1098 362 1140 morti
395 1098 485 1140 eius
516 1098 752 1140 mercedem
790 1101 1075 1153 proposuerat
1106 1097 1305 1140 Metellus
1337 1097 1488 1155 (Plut.
1521 1098 1645 1142 Sert.
1678 1114 1710 1143 c.
1737 1101 1794 1143 22

232 1168 355 1227 init).
411 1169 475 1211 Ac
499 1170 700 1212 Metellus
732 1170 777 1211 in
809 1169 1004 1211 citeriore
1035 1169 1255 1224 provincia
1287 1184 1382 1212 cum
1409 1169 1598 1213 Sertorio
1630 1185 1794 1228 pugna-

231 1240 294 1282 vit
333 1239 516 1297 (Strab.
554 1241 672 1282 hist.
710 1241 777 1282 fr..
795 1242 867 1283 73:
911 1238 984 1283 καὶ
1023 1243 1275 1296 Σεγοβρίγα
1313 1239 1352 1283 δ’
1390 1239 1481 1283 ἐστὶ
1518 1249 1608 1285 τῶν
1638 1244 1795 1286 Κελτι-

233 1313 382 1367 βήρων
420 1314 548 1362 πόλις
584 1311 656 1354 καὶ
694 1314 914 1367 Βίλβιλις,
951 1310 1050 1366 περὶ
1088 1310 1138 1361 ἃς
1175 1310 1402 1362 Μέτελλος
1437 1310 1510 1354 καὶ
1542 1314 1795 1370 Σερτώριος

233 1382 544 1441 ἐπολέμησαν);
589 1383 717 1426 simul
753 1382 985 1437 Pompeius
1029 1381 1190 1436 oppida
1234 1382 1442 1436 quaedam
1483 1382 1794 1427 Celtiberorum

231 1469 461 1511 aggressus
483 1457 564 1510 est;
592 1457 635 1496 at
655 1453 903 1509 Pallantiae,
930 1467 1057 1508 quam
1077 1452 1426 1508 circumsedebat,
1453 1453 1676 1497 obsidione
1701 1455 1795 1503 abs-

233 1525 378 1568 cedere
410 1540 435 1567 a
465 1524 654 1568 Sertorio
694 1527 864 1567 coactus
902 1526 978 1566 est.
1039 1523 1151 1566 Dein
1188 1526 1368 1579 uterque
1399 1524 1690 1568 Romanorum
1719 1525 1796 1568 im-

231 1598 405 1651 perator
436 1596 489 1638 ad
517 1595 784 1652 Calagurrim
809 1595 958 1637 minus
981 1609 1187 1650 prospere
1214 1609 1311 1636 cum
1336 1595 1484 1637 eodem
1509 1595 1795 1639 conflixerunt

232 1665 378 1724 (App.
411 1668 451 1709 b.
485 1682 518 1710 c.
549 1666 570 1709 I
604 1666 719 1725 112).
781 1667 945 1709 Eodem
980 1664 1226 1722 tempore*)
1258 1665 1475 1721 Perperna
1500 1666 1551 1709 ‘in
1582 1666 1795 1710 Gallaecia

160 1740 216 1781 43
231 1738 414 1781 feliciter
446 1738 623 1781 bellavit
655 1737 730 1796 (fr.
756 1736 846 1795 43),
878 1752 962 1793 qua
993 1737 1038 1779 in
1068 1752 1113 1779 re
1146 1737 1276 1779 etiam
1308 1737 1360 1779 ad
1387 1737 1604 1780 Limaeam
1633 1738 1793 1796 flumen

159 1810 217 1852 44
233 1808 307 1867 (fr.
333 1808 410 1866 44)
443 1810 688 1865 pervenisse
719 1809 898 1851 videtur.
960 1808 1019 1850 Et
1049 1808 1189 1850 hieme
1221 1808 1454 1863 incipiente
1485 1809 1717 1864 Pompeius
1747 1809 1794 1852 in

160 1881 217 1923 45
231 1880 413 1923 Galliam
433 1880 620 1936 recessit,
649 1879 850 1922 Metellus
869 1879 914 1921 in
933 1878 1135 1921 ulteriore
1155 1878 1358 1921 remansit
1377 1875 1588 1934 Hispania
1608 1879 1682 1938 (fr.
1702 1879 1792 1939 45).

229 1951 381 2006 Neque
419 1951 600 2008 minore,
639 1966 767 2006 quam
798 1950 1009 1992 anteriore
1049 1949 1207 2004 hieme,
1242 1949 1390 2004 inopia
1419 1949 1652 2005 Pompeius
1688 1953 1792 1994 tuno

160 2024 216 2065 46
231 2022 421 2078 agitatus
453 2036 544 2063 esse
581 2020 750 2063 videtur
781 2019 856 2078 (fr.
882 2020 971 2077 46).
1004 2045 1059 2050 ——
1091 2019 1204 2061 Dein
1241 2034 1351 2062 anno
1385 2020 1602 2063 73'etiam
1631 2021 1792 2064 maiore

232 2108 328 2135 cum
358 2093 513 2135 fiducia
545 2107 826 2147 successuque
851 2091 1035 2134 Romani
1061 2090 1318 2133 Celtiberiae
1344 2091 1504 2146 oppida
1530 2092 1797 2149 subegerunt·

231 2163 552 2219 Sertoriumque
584 2164 628 2205 in
660 2166 828 2206 montes
860 2177 907 2205 ac
939 2162 1113 2204 castella
1144 2162 1224 2204 sub
1256 2162 1487 2218 Pyrenaeis
1525 2163 1616 2222 sita
1637 2178 1793 2220 reppu-

200 2278 205 2281 ,
232 2235 375 2276 lerunt
408 2232 553 2291 (App.
580 2249 612 2276 c.
642 2235 725 2277 113
758 2232 882 2291 init).

349 2304 493 2347 Anno
525 2306 579 2347 73
612 2305 807 2347 consules
830 2304 886 2347 M.
913 2304 1137 2346 Terentius
1162 2303 1366 2345 Lucullus
1392 2302 1434 2345 C.
1462 2303 1629 2347 Cassius
1653 2304 1793 2348 Varus

232 2376 372 2432 legem
415 2375 738 2417 frumentariam
781 2375 991 2430 tulerunt,
1035 2389 1087 2416 ex
1131 2389 1215 2429 qua
1258 2374 1377 2429 quini
1417 2374 1548 2416 modii
1588 2375 1792 2418 frumffliti

232 2447 351 2502 plebi
378 2446 579 2489 darentur
599 2445 654 2504 (O
663 2462 694 2488 r.
714 2447 858 2488 Macr.
883 2445 968 2503 19).
1012 2445 1319 2488 Verumtamen
1338 2445 1472 2488 nihilo
1493 2445 1634 2488 minus
1653 2446 1790 2489 denuo

233 2520 382 2560 exorta
413 2520 512 2560 sunt
543 2517 684 2572 plebis
715 2517 1012 2572 nobiliumque
1044 2516 1276 2559 certamina
1300 2518 1477 2571 tumque
1502 2516 1590 2558 lata
1615 2519 1680 2559 est
1704 2517 1791 2574 agi-

231 2589 427 2631 tantibus
458 2588 642 2631 maxime
674 2587 839 2630 Licinio
865 2588 1008 2630 Macro
1042 2591 1085 2630 et
1112 2587 1155 2630 C.
1181 2586 1291 2629 Iulio
1319 2586 1495 2629 Caesare
1525 2586 1597 2629 lex
1621 2586 1792 2630 Plautia

161 2660 215 2702 47
232 2660 282 2701 de
323 2659 463 2702 reditu
503 2659 819 2715 Lepidanorum
861 2657 934 2715 (fr.
967 2656 1061 2715 47);
1103 2661 1146 2700 et
1186 2658 1328 2713 ipsum
1369 2657 1540 2712 quidem
1578 2658 1791 2702 Licinium

231 2730 425 2787 longiore
446 2730 637 2772 oratione
663 2730 708 2772 in
733 2729 1007 2784 optimatium
1033 2729 1367 2771 dominationem
1393 2727 1663 2770 invehentem
1687 2728 1791 2771 facit

161 2803 216 2845 48
233 2800 461 2843 Sallustius
492 2799 570 2858 (fr.
596 2799 686 2857 48).

350 2929 380 2974 *>
407 2928 458 2964 Cf.
486 2929 692 2975 Prolegom.
719 2941 754 2974 p.
777 2932 831 2964 27.
