2034 3184
375 158 403 199 2
409 158 429 199 1
437 159 461 199 8
1020 154 1217 201 Appendix
1240 155 1284 191 II.

373 269 523 308 vertere
553 266 611 307 ad
637 277 679 306 36
703 277 866 306 vorsum
891 263 972 322 (sic
980 262 1009 320 !)
1039 263 1198 306 lectum
1223 263 1291 306 sit.
1323 288 1368 293 —-
1399 262 1548 318 Itaque
1580 262 1768 319 eandem,
1799 244 1953 320 qm,

374 336 504 378 aetati
537 334 818 377 Sallustianae
850 335 1167 377 attribuendam
1199 349 1289 377 esse
1322 333 1521 390 iudicavi,
1559 333 1772 377 scribendi
1802 335 1928 379 ratio-

372 422 470 449 nem
503 406 631 448 etiam
662 405 707 447 in
730 405 889 448 nostris
914 405 1106 462 reliquiis
1131 408 1276 448 extare
1301 405 1511 462 existimo,
1542 405 1812 460 paucissimis
1839 406 1928 463 qui-

374 478 468 520 dem
505 477 610 520 locis
648 477 859 533 exceptis,
903 492 1009 533 quos
1046 477 1256 520 editorum
1293 476 1567 532 antiquorum
1603 476 1927 521 librariorumve

372 548 543 591 libidini
575 548 807 590 vindicanti
841 548 947 591 mihi
978 548 1192 591 neminem
1224 548 1391 590 credam
1423 547 1644 590 obsistere.

492 643 536 688 4.
585 643 655 686 De
687 658 861 686 vocum
891 644 1051 686 forma
1079 644 1124 686 in
1149 658 1259 686 -vus
1284 641 1430 701 (-vos)
1463 645 1615 699 atque
1641 658 1752 686 -uus
1776 641 1928 703 (-uos)

374 715 679 758 exeuntium.

490 786 689 829 Editores
722 787 876 843 nostri,
914 786 995 829 etsi
1033 786 1115 829 sibi
1148 801 1234 828 non
1267 789 1463 829 constant
1499 786 1580 829 hac
1609 786 1655 829 in
1685 801 1748 843 re,
1783 788 1927 830 tamen

371 858 530 900 formas
573 873 651 913 per
694 873 780 901 -uo-
824 858 1006 913 scriptas
1049 858 1263 913 praeferre
1300 858 1508 900 videntur.
1575 856 1639 900 Ac
1675 857 1927 909 Quintiliani

372 929 543 985 quidem
562 930 831 985 temporibus
857 944 948 972 -vus
974 929 1220 972 scribebant
1252 928 1465 985 scribique
1491 929 1699 972 iubebant
1720 944 1927 987 gramma-

371 1000 464 1056 tici,
508 1001 581 1043 sed
625 1001 755 1043 etiam
798 1001 937 1056 primo
982 1002 1081 1056 post
1119 999 1214 1043 Chr.
1253 999 1420 1042 saeculo
1463 1012 1554 1043 -uos
1596 1003 1640 1043 ct
1682 1000 1842 1043 dictum
1885 1003 1928 1043 et

371 1071 579 1127 scriptum
617 1087 707 1114 esse
751 1071 863 1114 idem
902 1074 1084 1114 testatur
1119 1070 1140 1114 I
1172 1074 1209 1127 7,
1240 1072 1306 1114 26.
1372 1070 1523 1127 Itaque
1565 1071 1611 1114 in
1651 1074 1927 1115 monumento

370 1142 598 1198 Ancyrano
623 1158 698 1186 -uu
722 1143 918 1200 legimus,
948 1144 1097 1194 vivum,
1122 1143 1249 1195 vivus,
1276 1157 1474 1195 annuum,
1500 1143 1544 1185 in
1568 1142 1843 1199 Pompeianis
1866 1143 1928 1186 in-

371 1214 680 1270 scriptionibus
709 1230 858 1270 parem
888 1214 976 1256 fere
1008 1214 1229 1269 utriusque
1262 1213 1474 1256 scribendi
1502 1213 1680 1257 rationis
1703 1228 1927 1258 numerum

370 1285 617 1340 reperimus.
685 1285 828 1342 Atque
873 1288 1024 1341 postea
1060 1285 1289 1328 Frontonis
1333 1285 1500 1328 saeculo
1543 1286 1704 1328 formae
1741 1300 1820 1342 per
1844 1301 1927 1330 .-uo

370 1356 554 1412 scriptae
585 1372 732 1399 rursus
763 1357 981 1399 adamatae
1014 1371 1104 1399 esse
1136 1354 1390 1412 videntur.*)
1446 1356 1528 1399 Sed
1559 1359 1657 1399 ante
1681 1355 1927 1414 Augustum

370 1427 531 1483 ubique
562 1428 651 1471 fere
682 1443 751 1471 -uo
782 1429 827 1470 in
858 1443 938 1471 usu
968 1428 1100 1470 fuisse
1132 1428 1316 1483 videtur,
1352 1427 1470 1470 velut
1505 1427 1714 1470 habemus
1749 1427 1796 1471 in
1829 1428 1926 1486 lege

369 1498 478 1541 Iulia
508 1513 640 1552 suom,
678 1514 863 1554 aequom,
901 1502 944 1542 et
976 1491 1106 1542 semel
1138 1499 1310 1554 quidem
1339 1513 1471 1542 suum.
1531 1498 1692 1547 Verum
1722 1499 1768 1542 in
1793 1498 1926 1549 Sallu-

370 1569 508 1612 stiana
532 1571 737 1613 memoria
760 1572 969 1614 fluctuant
994 1570 1171 1626 codices,
1201 1570 1319 1613 velut
1342 1584 1507 1613 scaevus
1535 1570 1670 1612 habet
1690 1569 1926 1614 Vaticanus

369 1640 389 1683 I
415 1641 483 1698 55,
504 1641 542 1698 5,
567 1655 689 1684 novos
714 1641 827 1684 idem
852 1643 901 1684 fr.
927 1641 948 1684 I
969 1644 1035 1698 77,
1055 1643 1124 1697 21,
1149 1655 1315 1684 annuus
1339 1642 1389 1684 fr.
1415 1641 1456 1684 H
1479 1643 1547 1697 98,
1567 1643 1605 1684 2.
1653 1640 1804 1698 Itaque
1829 1656 1925 1685 cum

370 1713 444 1754 illa
468 1728 547 1755 nos
573 1713 700 1768 plane
732 1713 911 1768 deficiat,
941 1727 1065 1755 voces
1096 1712 1141 1754 in
1170 1727 1257 1755 -vos
1288 1715 1492 1754 exeuntes
1522 1727 1600 1768 per
1629 1727 1707 1768 -vo,
1736 1728 1824 1756 non
1847 1728 1926 1770 per

369 1799 440 1827 -vu
465 1784 713 1841 scribamus,
745 1784 859 1840 quod
884 1787 996 1826 certe
1023 1787 1065 1826 et
1091 1799 1115 1826 a
1140 1783 1332 1826 Sallustii
1357 1783 1607 1839 aequalibus
1631 1784 1694 1826 ita
1718 1784 1925 1840 scriptum
1944 1785 1961 1798 ‘

370 1858 435 1897 est
467 1859 509 1898 et
541 1856 847 1911 comprobatur
876 1856 970 1898 loco
1002 1855 1077 1898 illo
1108 1855 1312 1898 orationis
1336 1855 1548 1911 Philippi;
1580 1869 1629 1897 ea
1658 1870 1758 1898 vero
1782 1856 1925 1913 verba,

370 1942 477 1982 quae
514 1930 612 1969 ante
649 1927 821 1969 finalem
858 1927 1070 1982 syllabam
1100 1941 1196 1970 -uus
1228 1929 1530 1969 consonantem
1560 1926 1722 1969 habent
1751 1921 1945 1986 nostris--

370 2013 451 2054 que
488 1998 644 2041 litteris
681 2012 777 2041 -uus
820 1998 950 2040 scribi
988 1998 1145 2054 solent,
1188 1998 1233 2040 in
1270 1996 1473 2040 Sallustio
1515 2012 1594 2053 per
1629 2012 1725 2041 mus
1763 1998 1925 2055 scripta

370 2069 499 2127 edidi,
537 2070 699 2125 quippe
737 2069 782 2112 in
820 2070 976 2125 quibus
1009 2069 1190 2125 duplicis
1221 2085 1250 2111 u
1282 2083 1433 2111 sonum
1463 2069 1531 2111 vel
1564 2068 1754 2112 Caesaris
1784 2071 1923 2113 aetate

369 2140 576 2183 usitatum
609 2156 698 2184 esse
730 2141 1085 2197 inscriptionibus
1117 2141 1384 2183 disceremus.
1835 2184 1837 2187 ,

486 2212 649 2254 Eodem
692 2215 859 2268 spectat
902 2212 1095 2268 quaestio
1133 2212 1207 2254 illa
1242 2211 1356 2254 haud
1399 2226 1677 2268 supervacua,
1720 2214 1864 2255 utrum
1900 2227 1925 2254 a

370 2282 571 2325 Sallustio
591 2299 711 2337 quom
728 2299 782 2326 an
795 2298 886 2326 cum
899 2283 1107 2339 scriptum
1127 2283 1199 2339 sit3
1219 2282 1381 2325 scilicet
1394 2282 1556 2325 Jordan
1575 2282 1703 2325 etiam
1721 2282 1767 2325 in
1784 2283 1922 2325 novis-

370 2354 477 2396 sima
514 2354 705 2397 Sallustii
744 2354 930 2397 editione
961 2370 1002 2410 p.
1031 2355 1115 2397 135
1147 2353 1220 2412 (ad
1250 2354 1299 2395 fr.
1325 2352 1388 2395 ΙΠ
1414 2354 1470 2396 96
1483 2352 1542 2411 A)
1579 2367 1699 2408 quom
1735 2354 1789 2396 ab
1827 2354 1922 2410 ipso

369 2428 540 2468 auctore
566 2426 807 2481 profectum
834 2440 924 2467 esse
950 2425 1179 2468 contendit.
1228 2423 1372 2480 Atque
1399 2423 1498 2466 inde
1523 2424 1578 2466 ab
1603 2423 1727 2466 initio
1751 2423 1923 2482 linguae

368 2497 526 2538 latinae
557 2511 677 2550 quom
701 2496 943 2538 coniunctio
977 2499 1019 2538 et
1050 2511 1136 2539 eom
1166 2494 1430 2551 praepositio
1462 2494 1768 2537 diversissimas
1791 2495 1922 2542 fuisse

370 2568 618 2623 diversaque
649 2568 703 2609 ab
734 2567 898 2624 origine
925 2567 1124 2609 oriundas
1150 2566 1322 2623 cognita
1345 2566 1609 2609 Umbrorum
1634 2565 1922 2622 Oscorumque

367 2654 481 2682 nunc
516 2639 665 2696 lingua
693 2639 869 2697 scimus3
906 2641 1131 2694 utramque
1168 2653 1267 2681 vero
1298 2653 1462 2693 vocem,
1503 2652 1598 2680 cum
1634 2637 1703 2680 vel
1739 2637 1921 2680 secundo

369 2727 403 2753 a.
431 2710 526 2753 Chr.
551 2725 590 2752 n.
618 2710 785 2754 saeculo
817 2709 1014 2752 similiter
1044 2710 1371 2765 pronuntiarent
1402 2709 1428 2751 i.
1455 2724 1487 2751 e.
1519 2723 1610 2752 cum
1633 2709 1923 2765 loquerentur,

369 2797 469 2824 mox
501 2781 819 2824 confundebant
848 2781 1048 2836 Romani,
1080 2781 1198 2824 cuius
1230 2781 1385 2823 erroris
1416 2779 1755 2837 antiquissimus,
1794 2793 1921 2835 quem

488 2910 518 2956 ²³³)
545 2910 596 2946 Cf.
623 2909 831 2945 Brambach
857 2922 892 2956 p.
915 2914 969 2945 93.
