2002 3178
792 156 1078 193 PRAEFATIO.
1651 160 1719 196 XV

63 319 65 322 .
172 310 174 312 .
214 288 235 304 ³¹
257 268 363 310 ret
399 266 480 309 fati
498 263 554 309 et
595 266 819 310 stellarum
857 266 950 309 dira
985 267 1243 311 necessitate
1280 269 1424 312 omnia
1460 269 1553 328 regi
1591 273 1720 326 atque

74 326 468 403 ‘ffffioedestinm-i,
499 339 721 395 complura
752 339 876 380 affert
909 339 1103 395 exempla
1134 354 1185 381 ex
1217 355 1359 383 rerum
1389 344 1610 399 gestarum
1635 356 1720 384 me-

67 407 136 435 ‘³'
131 408 283 456 floria
309 409 466 468 petita3
497 410 544 454 in
575 410 672 467 quis
704 410 836 453 etiam
866 411 992 466 plura
1021 411 1183 466 promit
1215 411 1265 453 de
1298 412 1487 456 Sullanis
1518 413 1720 470 tempori-

10 520 15 539 -.
48 479 107 542 j}
128 477 243 539 obus,
275 483 320 524 et
349 481 456 525 haec
485 481 627 539 primo
657 482 745 525 iam
777 482 935 524 obtutu
966 482 1126 538 partim
1158 497 1180 524 e
1213 482 1411 526 Sallustii
1441 485 1719 528 historiarum

0 556 2 602 Ξ
141 548 257 600 Qu
287 553 430 610 primo
460 553 616 597 hausta
647 554 973 609 compositaque
1005 568 1098 596 esse
1129 554 1339 597 videntur.
1388 554 1480 598 Iam
1505 571 1605 600 vero
1631 572 1720 599 mo-

138 625 270 670 nante
304 639 374 668 me
403 624 664 683 Usenerum,
700 627 751 668 ut
786 625 848 668 ita
881 626 1024 668 ederet
1054 625 1199 668 locum
1229 626 1295 668 uti
1326 631 1560 684 purgatum
1590 628 1720 671 libra-

67 697 97 738 ;”’
139 691 309 742 riorum
330 697 498 741 mendis
516 696 640 740 nisus
659 697 924 754 optimorum
944 697 1140 740 codicum
1159 697 1466 741 collationibus
1485 699 1531 742 in
1550 700 1719 743 schedis

10 827 16 831 η
87 811 90 814 ,
139 767 230 813 suis
254 769 526 812 reconditum
549 768 752 826 habebat,
784 784 951 812 summa
975 769 1049 812 ille
1076 784 1173 812 cum
1198 769 1499 813 benevolentia
1523 772 1719 827 permisit

37 853 66 899 ῖζ
139 839 261 898 mihi,
290 843 341 884 ut
372 841 553 884 editioni
583 856 702 884 meae
729 841 1018 885 SaHustianae
1043 841 1126 884 hoc
1150 841 1327 884 Firmici
1358 843 1569 885 frustrum
1594 858 1616 886 e
1642 858 1720 886 sua

52 912 102 961 ,²-
136 911 387 956 reoensione
417 906 698 956 adnecterem.
760 912 959 969 Namque
992 928 1084 971 egO,
1117 928 1214 956 cum
1245 928 1294 955 ea
1320 928 1429 969 quae
1455 913 1719 957 Sallustiana

138 978 232 1030 0880
256 982 366 1027 1111111
390 984 639 1028 viderentur
664 984 929 1028 enarrationi
955 985 1146 1041 capitum
1172 985 1347 1028 secundi
1368 985 1572 1041 tertiique
1591 986 1720 1042 primi

137 1052 422 1099 historiarum
451 1056 555 1099 libri
586 1057 774 1100 inserere
803 1071 894 1100 non
924 1057 1011 1099 iam
1035 1072 1220 1114 possem,
1245 1060 1385 1100 totam
1408 1058 1519 1100 hanc
1543 1057 1720 1100 Firmici

138 1126 480 1184 disputationem
511 1129 718 1172 edendam
749 1144 842 1172 esse
873 1129 1028 1172 melius
1061 1129 1174 1172 duxi.

143 1199 145 1203 ⁴
200 1196 222 1215 ⁵
254 1198 413 1256 'Itaque
449 1200 538 1244 iam
575 1204 782 1257 sequatur
811 1201 989 1244 Firmici
1027 1201 1214 1243 Materni
1251 1202 1467 1244 enarratio
1505 1202 1719 1244 bellorum

52 1270 54 1275 ’
139 1270 335 1316 civilium
371 1287 395 1315 e
426 1271 636 1316 Sallustio
667 1272 932 1329 Livianaque
971 1272 1159 1328 epitome
1198 1275 1400 1315 contexta
1439 1273 1636 1329 editaque
1668 1289 1720 1316 ex

45 1371 62 1391 ,ν
140 1342 324 1388 Useneri
354 1343 622 1403 recensione3
654 1344 725 1388 cui
754 1360 892 1401 pauca
925 1345 1230 1387 commentaris
1262 1344 1400 1388 instar
1432 1345 1585 1388 addidi.

259 1414 392 1460 Hisce
421 1431 528 1460 usus
559 1419 626 1460 est
654 1417 730 1460 ille
761 1417 984 1460 subsidiis:

260 1501 287 1523 s
315 1487 359 1532 A
387 1487 661 1532 Monacensis
693 1489 793 1547 560,
825 1504 932 1532 saec.
959 1487 1054 1531 XII.

318 1559 357 1603 B
386 1557 661 1604 Monacensis
691 1562 763 1619 49,
794 1575 901 1604 saec.
927 1559 1043 1604 XVI.

319 1630 368 1675 M
396 1630 806 1690 Montepessulanus
840 1633 945 1690 180,
983 1647 1091 1675 saec.
1121 1631 1185 1675 XI
1216 1635 1258 1675 et
1289 1631 1374 1675 XII
1413 1631 1508 1690 (illa
1546 1633 1717 1688 quidem

388 1718 504 1762 parS,
535 1719 645 1761 quae
676 1705 732 1748 ad
759 1720 842 1749 nos
872 1705 1075 1762 pertinet,
1105 1703 1191 1754 XII
1223 1705 1394 1747 saeculo
1427 1705 1588 1760 scripta
1619 1704 1716 1762 est).

314 1774 353 1819 P
382 1774 608 1820 Parisinus
642 1778 771 1835 7311,
802 1792 911 1820 saec.
936 1775 1010 1820 XI.

144 1860 162 1868 ¹*
242 1881 246 1885 -
316 1845 353 1899 Q
383 1846 609 1892 Parisinus
642 1849 770 1906 7312,
801 1863 909 1892 saec.
940 1847 1059 1891 XIII.

147 1930 151 1935 '
191 1952 194 1955 -
325 1921 355 1976 β
384 1918 535 1963 Editio
554 1919 810 1963 Basiliensis
837 1921 973 1963 altera
994 1919 1115 1979 (111111
1133 1920 1310 1963 Firmici
1329 1920 1516 1963 Materni
1534 1920 1716 1963 iunioris

244 1988 246 1990 ’
388 1990 525 2035 Siculi
566 2007 605 2036 v.
643 2006 677 2035 0.
718 1992 773 2035 ad
808 1992 1073 2036 Mavortium
1109 1992 1357 2040 Lollianum
1395 1992 1718 2035 astronomicon

387 2063 492 2106 h'bri
503 2061 614 2106 VIII
632 2078 710 2120 per
727 2063 961 2107 Nicolaum
975 2064 1272 2107 Prucknerum
1291 2064 1562 2122 astrologum
1580 2079 1717 2120 nuper

387 2135 442 2179 ab
478 2135 718 2180 innumeris
754 2136 922 2179 mendis
959 2135 1177 2179 vindicati.
1239 2135 1435 2178 Basileae
1471 2137 1582 2179 1551
1591 2171 1602 2193 ,
1640 2151 1717 2192 per

388 2206 596 2251 Ioannem
625 2206 926 2267 Hervagium).

355 2338 464 2384 Iulii
493 2339 674 2384 Firmici
703 2339 895 2385 Materni
925 2340 1171 2385 matheseos
1203 2339 1280 2384 lib.
1310 2340 1347 2395 Ι,
1378 2352 1415 2385 0.
1447 2338 1485 2383 3.

254 2421 342 2467 ‘Ad
376 2423 574 2467 Romana
611 2438 728 2467 nunc
766 2424 804 2466 si
845 2423 988 2480 placet
1031 2426 1298 2467 revertamur
1341 2424 1546 2479 exempla.
1615 2437 1710 2466 0000
1722 2441 1928 2473 Ed.Bas.p.10

133 2495 318 2554 ignavos
358 2495 435 2538 1110
477 2495 545 2539 vir
588 2498 631 2538 et
674 2495 792 2538 omni
835 2495 1040 2538 infamiae
1083 2495 1371 2538 maculatione
1417 2495 1612 2551 pollutus
1657 2519 1713 2524 —

135 2565 303 2612 Sullam
333 2566 429 2611 dico
455 2593 515 2599 —
541 2569 614 2623 qui
644 2582 674 2610 a
694 2569 837 2622 primo
867 2569 1035 2624 vestiqio
1057 2569 1316 2624 pubescentis
1348 2568 1496 2611 aetatis
1526 2568 1573 2609 m
1603 2580 1715 2610 sw-

62 2688 65 2692 ,
133 2652 283 2684 rarum
321 2641 494 2696 yremlis
521 2653 602 2695 per
638 2640 796 2683 dwnna
835 2641 1062 2684 nundinati
1096 2641 1275 2695 pudoris
1317 2639 1507 2691 adolevit,
1551 2638 1712 2680 totiens

133 2712 342 2769 prospere
371 2711 496 2756 duxit
527 2711 780 2770 exercitum,
819 2715 862 2755 et
897 2714 948 2755 ut
984 2712 1091 2755 felix
1122 2712 1336 2754 diceretur
1366 2711 1559 2752 fecerunt
1589 2710 1714 2752 innu-
1738 2722 1758 2752 5

134 2783 362 2828 morabilis
394 2783 458 2828 rei
491 2783 692 2841 publicae
724 2783 964 2842 naufragia.
1025 2785 1189 2840 respice
1228 2783 1428 2839 quotiens
1465 2781 1712 2824 laceratis

134 2855 338 2912 patriae
391 2855 684 2900 visceribus
734 2855 906 2900 civili·
938 2856 1189 2914 sanguine
1240 2856 1553 2897 cruentatur.
1615 2868 1712 2915 0000

133 2926 472 2972 innumerabiles
502 2928 872 2986 proscriptionum
902 2929 1077 2972 tabulas
1108 2927 1232 2984 ponit
1263 2929 1306 2969 et
1338 2928 1612 2969 cruentarum
1642 2939 1713 2982 pe-

206 3005 441 3038 Snlltutins,
462 3006 510 3032 ed.
530 3006 795 3034 Maurenbreoher.
823 3007 866 3032 11.
1400 2997 1424 3032 b
