1976 3190
530 99 757 168 Fragmenta
778 125 927 158 13—16.
956 142 1001 149 —
1026 122 1226 158 Enarratio
1254 126 1404 158 17—22.
1669 121 1754 162 115

179 234 364 286 libroque
401 235 522 275 tertio
556 236 820 275 memoratam
850 247 934 274 esse
966 247 1055 274 eam
1087 235 1136 273 ab
1168 247 1331 274 causam
1362 234 1519 286 malim,
1557 234 1654 285 quia
1684 247 1756 284 per

181 293 400 334 triennium
418 294 522 334 illud
540 295 640 334 nihil
660 295 741 334 fere
766 294 958 333 memoria
978 294 1145 346 dignum
1164 297 1322 346 gestum
1349 296 1410 333 est
1433 294 1603 344 ideoque
1624 294 1754 332 Sallu-

181 353 306 393 stium
335 356 488 407 postea,
519 355 590 393 ubi
622 355 669 393 de
702 367 806 393 anno
834 355 885 393 71
921 354 1016 406 egit,
1048 354 1179 393 denuo
1212 354 1263 392 ad
1288 354 1508 392 Antonium
1541 353 1755 392 recurrisse

180 426 261 454 non
291 414 532 464 putaverim.

819 625 1028 674 CAPUT
1060 625 1122 674 ΙΙ.

466 731 597 775 Belli
629 730 949 775 Mithridatici
980 730 1141 785 initia,
1174 730 1239 775 fr.
1266 728 1468 774 17-42.

335 830 562 870 Praemissa
592 832 654 870 est
683 843 818 870 rerum
847 830 1096 869 urbanarum
1127 829 1334 881 expositio,
1366 829 1413 868 fr.
1444 832 1509 868 17.
1540 831 1605 869 18.

820 932 1118 992 Εηαπαῢὶο.*)

300 1017 464 1060 Romae
495 1018 597 1060 anni
626 1019 682 1061 74
712 1018 838 1060 initio
871 1020 1046 1060 senatus
1076 1032 1216 1073 neque
1247 1031 1335 1059 non
1360 1016 1417 1059 M.
1445 1016 1573 1059 Cotta
1604 1031 1653 1059 ac
1677 1016 1758 1059 Lu-

181 1089 320 1132 cullus
350 1088 547 1132 consules
585 1092 735 1132 contra
764 1089 1063 1132 Mithridatem
1101 1089 1223 1131 brevi
1263 1088 1512 1131 bellandum
1544 1088 1629 1130 sibi
1667 1088 1759 1130 fore

181 1161 486 1218 expectabant,
525 1176 656 1217 quare
688 1161 734 1204 L.
759 1161 967 1204 Lucullus
997 1164 1097 1204 ante
1137 1160 1280 1203 omnia
1312 1160 1356 1202 id
1387 1175 1514 1217 agere
1553 1160 1759 1203 constitu-

181 1235 291 1290 erat,
329 1234 379 1276 ut
414 1231 594 1276 remotis
631 1232 971 1276 aemulatoribus
1008 1232 1084 1275 uni
1121 1231 1206 1275 sibi
1238 1231 1470 1288 imperium
1502 1231 1607 1274 belli
1644 1247 1759 1274 man-

183 1304 358 1348 daretur
394 1302 546 1363 (Plut.
583 1304 697 1347 Luc.
731 1318 763 1347 c.
791 1303 852 1362 5).
921 1304 1060 1355 Quam
1104 1304 1160 1347 ob
1203 1318 1376 1347 causam
1417 1319 1515 1346 cum
1555 1303 1761 1361 Cethego,

179 1375 274 1421 viro
304 1375 498 1419 omnium
529 1378 623 1418 tum
655 1376 700 1418 in
726 1391 771 1419 re
797 1376 976 1432 publica
1007 1375 1324 1433 potentissimo,
1355 1375 1633 1418 acerbissima
1664 1390 1759 1417 con-

179 1447 375 1492 tentione
403 1447 610 1504 conflixit,
641 1447 770 1490 simul
797 1448 845 1490 L.
872 1447 1109 1505 Quintium,
1140 1448 1366 1490 tribunum
1392 1447 1536 1503 plebis
1567 1445 1643 1504 (fr.
1673 1445 1760 1504 17),
1782 1450 1833 1491 17

181 1519 257 1576 qui
275 1519 416 1562 denuo
437 1519 489 1562 de
509 1519 775 1562 restituenda
794 1520 1028 1562 tribunicia
1054 1522 1271 1576 potestate
1292 1519 1337 1562 in
1358 1518 1635 1562 contionibus
1656 1518 1759 1576 egit,

181 1594 226 1634 et
257 1591 462 1647 privatim
499 1591 683 1647 pecunia
713 1591 1039 1648 honoribusque
1075 1591 1269 1647 corrupit
1301 1594 1344 1634 et
1376 1590 1552 1647 publice
1583 1590 1630 1633 in
1662 1605 1759 1632 eum

181 1662 376 1706 invectus
408 1666 474 1706 est
505 1651 771 1720 consilioque
804 1663 1009 1707 desistere
1041 1663 1257 1719 permovit
1286 1661 1438 1720 (Plut.
1465 1661 1620 1719 ibid).
1676 1661 1760 1705 Sed

179 1734 227 1778 L.
247 1734 440 1793 Octavio,
465 1734 540 1791 qui
558 1750 640 1791 pro
661 1735 835 1778 consule
856 1734 1031 1778 Ciliciae
1051 1738 1155 1791 erat,
1182 1734 1329 1778 subito
1349 1737 1521 1776 mortuo
1541 1734 1760 1789 Lucullus,

179 1809 230 1850 ut
260 1806 508 1863 provinciae
540 1822 589 1850 ac
620 1807 750 1850 simul
782 1807 899 1850 bello
927 1810 1077 1850 contra
1100 1806 1399 1850 Mithridatem
1425 1806 1613 1863 gerendo
1641 1820 1760 1861 prae-

179 1877 393 1936 ficeretur,
418 1878 535 1922 omni
554 1879 683 1922 modo
705 1879 873 1922 studuit
893 1882 936 1921 et
955 1879 1168 1935 Praeciae,
1194 1878 1357 1921 nobilis
1383 1877 1604 1920 cuiusdam
1630 1892 1761 1920 mere-

180 1949 303 1992 tricis
333 1948 410 2008 (fr.
434 1948 537 2008 18),
553 1965 637 2006 ope
664 1950 906 2008 Cethegum
936 1954 1064 1993 antea
1090 1950 1311 1993 inimicum
1338 1949 1578 1992 adiutorem
1609 1952 1761 1992 nactus
1784 1952 1837 1994 18

182 2021 334 2064 consul
357 2020 404 2064 in
427 2020 579 2064 Asiam
604 2021 762 2064 missus
788 2025 854 2064 est
879 2021 1032 2080 (Plut.
1059 2038 1091 2065 c.
1119 2022 1178 2080 6).
1229 2021 1324 2073 Quo
1351 2036 1448 2064 cum
1481 2021 1760 2077 pervenisset,

181 2092 377 2150 legiones
413 2092 666 2136 valerianas
703 2093 757 2136 ad
795 2093 1028 2137 seditiones
1066 2094 1366 2150 tumultusque
1411 2092 1761 2149 promptissimas

182 2164 304 2208 brevi
347 2164 394 2207 in
437 2164 670 2220 imperium
714 2180 764 2208 ac
807 2165 1081 2222 disciplinam
1125 2166 1290 2222 recepit
1327 2164 1479 2223 (Plut.
1516 2165 1628 2207 Luc.
1667 2180 1700 2207 c.
1735 2166 1757 2207 ’ἶ

181 2251 319 2292 usque
343 2236 398 2279 ad
424 2235 795 2293 ἐδημαγωγοῦντο
819 2238 932 2294 πρὸς
955 2237 1126 2294 ἡδονὴν
1150 2237 1402 2294 ἐθιζόμενοι
1425 2238 1761 2294 στρατεύεσθαι,

181 2307 289 2351 adde
330 2309 387 2351 fr.
417 2307 504 2365 19).
575 2308 660 2351 Sed
695 2308 972 2352 Mithridates
1008 2335 1057 2341 —
1100 2309 1222 2353 cuius
1262 2309 1478 2352 exercitus
1518 2309 1760 2364 classesque
1784 2310 1837 2350 19

183 2379 333 2442 quales
370 2382 415 2422 et
452 2379 603 2435 quanti
641 2379 821 2436 fuerint,
858 2381 941 2423 hoc
978 2381 1073 2424 loco
1106 2381 1464 2424 describebantur
1496 2379 1647 2438 (Plut.
1674 2396 1706 2422 c.
1735 2382 1757 2423 ’ἶ

183 2451 238 2494 τὰ
263 2448 314 2494 δὲ
337 2458 429 2494 τῶν
453 2453 680 2507 πολεμίων
705 2451 847 2503 οὕτως
872 2449 960 2509 εἶχε
986 2467 1125 2509 usque
1151 2453 1205 2495 ad
1230 2452 1410 2509 ἐνέβαλε
1437 2454 1500 2503 εἰς
1520 2454 1760 2506 Βιθυνίαν,

181 2521 237 2565 ad
265 2521 348 2565 hoc
379 2522 436 2564 fr.
464 2523 521 2564 20
547 2524 591 2564 et
617 2520 695 2580 21)
723 2547 778 2552 —
805 2522 899 2578 ipse
931 2523 976 2565 in
1001 2523 1253 2580 Bithyniam
1285 2523 1501 2566 invaserat
1532 2527 1576 2566 et
1600 2523 1759 2566 Metro·
1779 2525 1847 2580 20,
1868 2526 1922 2566 21

179 2593 389 2650 phanem,
438 2593 589 2636 ducem
639 2608 765 2637 suum
808 2593 887 2651 (fr.
920 2593 1016 2652 22),
1064 2595 1290 2639 adversum
1337 2595 1522 2651 Mysiam
1573 2595 1760 2638 miserat.
1781 2597 1836 2637 22

182 2663 249 2708 Ac
280 2664 402 2708 brevi
433 2668 644 2721 occupata
672 2665 789 2707 omni
814 2665 1023 2722 Bithynia
1049 2666 1220 2710 Cottam
1247 2668 1466 2710 consulem
1494 2666 1761 2709 Chalcedone

183 2737 428 2793 obsessum,
473 2751 571 2779 cum
613 2737 829 2779 decertare
873 2738 1039 2793 proelio
1081 2739 1232 2795 vellet,
1278 2742 1512 2794 antequam
1555 2738 1762 2780 Lucullus

301 2842 334 2889 ⁸)
358 2842 414 2878 De
439 2842 693 2878 Mithridatici
724 2842 818 2879 belli
849 2845 1060 2890 temporum
1084 2845 1233 2880 ratione
1265 2844 1311 2879 cf.
1339 2854 1435 2888 quae
1466 2843 1563 2879 infra
1589 2843 1761 2890 exposita

183 2891 271 2926 sunt
295 2889 335 2925 in
360 2890 568 2937 appendice
589 2890 650 2927 111.

1425 2950 1471 2986 8*
