1976 3190
0 2253 2 2270 ‘'
0 2190 3 2208 “
0 2173 5 2184 ’
0 2068 10 2165 'W
0 1530 28 2061 “munim-mu
7 1506 11 1522 „-
10 1471 18 1498 a..

755 163 982 210 Fragmenta
1002 168 1153 202 93-98,
1656 164 1737 206 101

172 292 253 332 qao
279 279 418 332 agitur
440 280 620 330 tempore
644 279 720 318 hac
744 278 786 318 in
804 277 967 330 regione
992 291 1072 317 non
1093 278 1174 317 iam
1192 278 1378 329 bellavit3
1408 278 1578 318 fortasse
1605 279 1742 318 autem

170 339 298 394 ipsius
334 339 483 379 Titurii
525 339 652 391 legati
694 339 874 378 cohortes
918 337 1166 389 significatae
1211 339 1322 390 sunt,
1366 351 1539 389 namque
1583 338 1674 377 inde
1717 352 1741 378 a

170 398 363 440 Vaccaeis
393 398 721 450 Vasconibusque
752 398 795 437 in
825 397 977 437 medios
1003 397 1241 436 Celtiberiae
1272 399 1445 448 populos
1476 397 1751 451 proficiscenti·

170 473 295 512 prope
327 458 597 499 Termestinos
628 458 707 498 iter
735 457 964 498 faciendum
995 459 1067 498 est.

289 550 370 597 96.
430 550 686 607 Multique
724 551 1035 593 commeatus
1072 548 1386 592 interierant
1423 549 1635 592 insidiis
1671 550 1740 592 la-

169 626 384 696 tronum.

287 717 395 764 App.
439 716 488 763 (H
507 720 549 753 51
562 716 606 762 D,
625 715 726 761 48K‚
748 715 847 761 96G,
874 715 890 750 I
907 727 942 761 p.
965 718 1031 751 621
1044 715 1119 761 Br.)
1138 736 1186 741 —-
1204 713 1348 750 Nonius
1363 714 1414 749 VI
1432 727 1467 760 p.
1482 718 1562 752 449.
1584 717 1596 761 ΙΙ
1614 715 1741 751 multi-

167 766 258 824 que]
277 765 482 820 multisque
500 766 553 802 ed.
575 744 902 810 12.M1zl’ler,quod
920 765 1040 800 ‘nescio
1058 763 1280 811 typographi
1297 763 1468 798 mendum
1485 765 1742 800 coniecturam

166 815 226 852 ait.
254 836 298 841 —
324 812 563 860 interierant]
588 811 779 848 interfecti
804 812 913 847 erant
936 822 1028 848 corr.
1049 811 1194 847 Douza.

288 877 456 919 Gomm.
517 878 609 918 Non
639 877 731 916 urbi
761 877 912 916 Romae
945 890 968 915 a
1002 876 1282 928 praedonibUS,
1315 875 1423 926 quod
1454 876 1586 915 voluit
1616 876 1740 928 Kritz,

169 939 238 981 sed
255 938 500 990 Pompeiano
526 937 718 978 exercitui
743 938 991 977 commeatus
1017 950 1041 976 a
1065 936 1291 976 latronibus
1316 936 1499 986 demptos
1525 948 1609 976 esse
1635 938 1740 976 recte

167 999 332 1040 Dietsch
363 1012 412 1039 ex
441 1010 521 1037 usu
550 997 660 1038 vocis
691 997 860 1037 latronis
892 996 1179 1048 comprobavit.

283 1089 364 1136 97.
425 1088 711 1147 Argentum
743 1091 972 1132 mutuum
1003 1087 1292 1132 arcessivit.

203 1198 206 1200 ψ
283 1186 391 1232 App.
430 1184 478 1231 (Π
498 1187 542 1220 72
552 1183 597 1230 D,
617 1187 664 1219 94
674 1183 718 1230 K,
739 1187 783 1219 58
796 1182 838 1229 e,
858 1183 875 1218 1
893 1192 928 1229 p.
945 1187 1025 1229 398,
1040 1186 1110 1218 446
1120 1183 1196 1229 ΒΥ.)
1218 1204 1261 1208 -
1282 1171 1462 1218 Priscian.
1477 1181 1510 1216 X
1531 1181 1578 1227 (Π
1596 1194 1631 1227 p.
1646 1184 1738 1228 534).

285 1250 452 1292 Comm.
501 1249 693 1289 Alienum
718 1261 785 1288 aes
805 1249 857 1288 ad
876 1249 1095 1288 exercitum
1115 1249 1305 1288 alendum
1324 1261 1365 1287 se
1391 1247 1634 1287 contraxisse
1655 1247 1739 1298 ipse

165 1312 342 1353 testatur
370 1309 586 1361 Pompeius
624 1323 683 1360 ep.
713 1312 756 1349 9:
794 1305 885 1361 ‘ego
917 1323 997 1349 non
1033 1322 1118 1348 rem
1154 1308 1396 1347 familiarem
1427 1307 1563 1359 modo,
1600 1320 1741 1347 verum

166 1372 290 1413 etiam
330 1370 451 1410 fidem
493 1365 750 1420 consumpsi?
820 1368 951 1416 Quare
996 1369 1095 1420 quin
1137 1369 1211 1408 hoc
1254 1369 1480 1420 fragmento
1524 1367 1741 1418 Pompeius

168 1432 300 1473 dictus
330 1431 396 1483 sit,
426 1443 507 1470 non
538 1431 599 1470 est
629 1429 809 1468 dubium.
1073 1452 1075 1454 -

283 1523 363 1569 98.
423 1521 667 1579 Epistula
699 1521 779 1564 Cn.
810 1521 1024 1577 Pompei
1056 1520 1115 1563 ad
1146 1523 1388 1563 senatum.

285 1595 347 1640 ‘Si
378 1595 582 1639 adversus
612 1609 689 1637 vos
727 1593 998 1650 patriamque
1037 1596 1081 1636 et
1119 1593 1220 1636 deos
1257 1592 1428 1649 penatis
1466 1594 1533 1634 tot
1568 1591 1780 1634 laboresl

166 1671 211 1712 et
242 1667 435 1726 pericula
465 1665 770 1724 suscepissem,
809 1665 1010 1722 quotiens
1041 1681 1066 1707 a
1103 1665 1244 1721 pri-ma
1282 1663 1572 1707 adulescentia
1609 1664 1741 1706 ductu

163 1751 260 1785 meo
292 1738 586 1784 scelestissimi
617 1738 765 1781 hostes
796 1737 881 1780 fusi
913 1740 957 1779 et
988 1737 1113 1780 vobis
1144 1736 1259 1779 salus
1291 1735 1486 1792 quaesita
1518 1738 1595 1792 est,
1632 1735 1742 1777 nihil

163 1812 351 1870 amplius
375 1811 421 1854 in
447 1810 672 1854 absentem
698 1826 766 1852 me
792 1809 1067 1866 statuissetis,
1100 1823 1228 1865 quam
1254 1808 1394 1850 adhuc
1419 1807 1562 1864 agitis,
1595 1810 1742 1863 patres

165 1883 412 1941 conscripti,
443 1898 573 1940 quem
604 1885 754 1926 contra
784 1884 971 1924 aetatem
1003 1880 1245 1937 proiectum
1277 1881 1330 1922 ad
1360 1879 1524 1922 bellum
1550 1879 1741 1922 saevissi-

163 1970 284 2000 mum
307 1971 407 1999 cum
431 1954 623 1998 exercitu
649 1954 813 2010 optime
845 1953 1014 2010 merito,
1045 1955 1263 2009 quantum,
1287 1954 1353 1995 est
1379 1951 1425 1993 in
1449 1950 1586 2006 vobis,
1618 1952 1742 2008 fame,

165 2027 406 2073 miserrima
430 2025 623 2070 omnium
648 2028 800 2082 morte,
832 2023 1088 2068 confecistis.
1144 2023 1308 2066 Hacine
1341 2038 1415 2079 spe
1448 2023 1635 2080 populus
1660 2023 1742 2066 Ro·
1762 2035 1782 2064 2

166 2105 320 2144 manus
348 2099 512 2143 liberos
543 2113 644 2142 suos
676 2098 729 2140 ad
761 2097 926 2140 bellum
951 2096 1099 2139 misit?
1155 2095 1274 2138 Haec
1305 2098 1408 2138 sunt
1439 2095 1631 2150 praemia
1662 2111 1741 2150 pro

166 2171 418 2216 volneribus
449 2173 494 2214 et
524 2170 685 2213 totiens
716 2170 772 2212 ob
801 2184 891 2212 rem
918 2168 1140 2225 publicam
1165 2168 1262 2210 fuso
1289 2167 1529 2225 sanguine?
1584 2166 1741 2210 Fessus

167 2243 394 2288 scribendo
437 2242 735 2298 mittendoque
779 2241 948 2299 legatos
992 2240 1132 2284 omnis
1176 2255 1282 2296 opes
1326 2242 1369 2282 et
1413 2255 1513 2295 spes
1551 2239 1742 2295 privatas

166 2331 285 2360 meas
309 2314 570 2372 consumpsi,
596 2329 694 2357 cum
718 2313 893 2356 interim
918 2329 943 2355 a
962 2312 1088 2355 vobis
1113 2327 1192 2368 per
1217 2304 1454 2355 triennium
1476 2311 1549 2354 vix
1575 2326 1742 2354 annuus

166 2390 367 2445 sumptus
398 2387 525 2430 datus
556 2387 639 2429 est!

284 2459 369 2504 Per
392 2459 495 2502 deos
521 2457 788 2515 immortalis,
820 2460 967 2500 utrum
995 2455 1178 2499 censetis
1204 2455 1341 2498 vicem
1366 2471 1434 2498 me
1461 2454 1595 2497 aerari
1623 2470 1741 2510 prae-
1763 2467 1783 2497 3

165 2530 380 2594 starenanll
410 2531 648 2574 exercitum
686 2530 778 2572 sine
816 2531 1032 2573 frumento
1065 2531 1109 2571 et
1143 2528 1360 2584 stipendio
1392 2527 1552 2570 habere
1586 2527 1812 2582 posse?(A)

167 2608 247 2643 ἠ·-
285 2625 637 2663 Testimoniumz·
660 2629 691 2661 3.
713 2624 914 2660 Diomedes
933 2637 968 2670 p.
990 2628 1076 2661 366:
1098 2622 1300 2659 Sallustius
1321 2622 1485 2658 secundo
1506 2620 1577 2656 ait:
1602 2621 1742 2655 ‘utrum

166 2674 289 2712 vicem
313 2685 372 2710 me
398 2673 522 2710 aerari
546 2675 740 2719 praestare
766 2671 948 2709 creditis?

285 2758 392 2813 App.
431 2757 592 2804 (11,96D
612 2755 947 2802 m1K‚p.103G‚
967 2755 1049 2803 IIp
1066 2759 1110 2791 72
1124 2755 1196 2800 Br.,
1216 2754 1358 2790 Jordan
1376 2753 1464 2790 Sall.
1479 2753 1531 2788 ed.
1548 2755 1624 2798 31).
1641 2754 1740 2799 118.)

167 2827 213 2835 -—-
240 2811 272 2844 2.
298 2757 479 2843 hacine(II
457 2816 526 2860 spe
567 2806 621 2841 sic
648 2805 687 2841 V.
714 2826 761 2830 -
786 2803 1018 2851 volneribus]
1044 2805 1097 2840 sic
1123 2804 1162 2840 V.

287 2859 319 2891 3.
346 2852 484 2900 aerari]
574 2853 682 2897 Sall„
714 2863 818 2888 eram
843 2851 901 2897 M,
919 2852 956 2888 A
986 2864 1031 2888 m.
1062 2864 1119 2898 pr.
1149 2850 1353 2893 Diomedis,
1385 2849 1449 2894 qui
1479 2849 1589 2884 etiam
1620 2847 1742 2883 aerari

168 2903 291 2958 laqueo
319 2903 474 2940 videtum.
507 2922 554 2927 —
585 2899 746 2936 censetis
778 2899 899 2936 vicem
929 2901 1018 2954 me]
1037 2911 1096 2935 me
1128 2898 1247 2934 vicem
1282 2898 1322 2942 V,
1354 2895 1474 2932 vicem
1503 2907 1637 2932 me..
1665 2907 1741 2932 cre-

169 2949 259 2987 ditis
290 2950 496 2988 Diomedes.
529 2950 622 2986 Inde
659 2950 706 2986 ab
744 2947 948 2985 exercitum
989 2947 1069 2983 sine
1108 2946 1296 2982 frumento
1331 2945 1533 2992 fraymenti
1568 2944 1740 2981 Aurelia-
