2034 3184
374 178 460 221 222
1017 178 1213 224 Appendix
1235 178 1279 216 II.

490 285 822 342 Diphthongum
852 287 891 329 ei
921 302 1000 342 pro
1030 289 1048 330 z·
1077 288 1207 345 longa
1237 303 1372 344 usque
1406 287 1459 330 ad
1483 286 1670 331 medium
1694 304 1736 344 p.
1762 286 1859 333 Chr.
1882 303 1924 333 n.

374 357 588 399 saeculum
619 371 709 399 esse
741 359 992 413 usurpatam
1026 373 1151 402 nemo
1184 362 1260 416 est,
1293 358 1366 415 qui
1396 359 1576 415 nesciat3
1613 359 1658 402 in
1693 359 1790 417 lege
1818 358 1928 404 Iulia

373 428 533 483 ubique
565 428 653 469 fere
678 428 716 470 ei
739 427 934 485 legimus,
966 429 1096 473 etiam
1126 430 1172 473 in
1198 430 1367 473 Catullo
1393 430 1603 486 scriptum
1634 430 1737 473 olim
1767 430 1812 473 id
1836 445 1928 474 esse

373 499 496 540 facile
513 498 773 554 perspicitur
786 502 828 541 et
842 499 887 542 in
899 500 1173 556 Pompeianis
1185 501 1538 558 inscriptionibus
1550 501 1706 559 viginti
1723 504 1930 558 quattuor

374 572 522 612 extant
554 570 814 627 diphthongi
845 571 962 614 illius
993 573 1207 628 exempla,
1244 576 1288 615 at
1318 573 1365 615 in
1395 575 1671 615 monumento
1701 572 1929 630 Ancyrano

373 656 459 683 non
483 640 567 683 nisi
593 641 661 683 bis
685 642 723 684 ei
743 641 904 698 legitur
922 642 1150 700 (emeriteis,
1177 642 1430 701 Dalmateis)
1455 647 1583 699 atque
1608 643 1654 686 in
1672 643 1930 687 Sallustiana

374 712 579 754 memoria
609 715 697 754 tam
729 727 823 755 rara
855 729 903 756 ac
935 714 1093 757 debilia
1124 718 1225 757 sunt
1255 715 1371 758 illius
1398 715 1633 771 scripturae
1657 715 1851 773 vestigia,
1881 717 1930 757 ut

375 783 563 838 recipere
589 798 638 825 ea
663 784 707 826 in
727 787 931 827 contextu
956 786 1094 828 insani
1121 789 1243 843 esset,
1268 786 1399 829 immo
1421 786 1532 842 inde,
1558 786 1671 842 quod
1689 787 1739 829 fr.
1757 785 1800 829 Π
1817 787 1930 842 98,6

375 854 695 897 Aurelianensis
725 857 840 910 quois
865 857 1008 913 habet,
1036 872 1164 912 quam
1189 858 1370 900 formam
1394 872 1532 913 neque
1558 872 1759 914 umquam
1783 856 1882 900 inde
1906 872 1932 899 a

376 925 616 968 litterarum
642 926 846 969 memoria
877 926 922 968 in
952 926 1102 984 lingua
1131 927 1265 969 latina
1291 927 1484 970 extitisse
1515 942 1653 984 neque
1678 942 1704 970 a
1727 926 1930 971 Sallustio

376 1000 627 1052 usurpatam
659 1012 749 1040 esse
781 998 852 1040 vix
885 1001 949 1040 est
988 998 1102 1054 quod
1133 1013 1346 1055 moneam,
1383 998 1681 1056 intelligimus,
1719 998 1930 1054 quomodo

377 1068 480 1109 talia
510 1068 594 1110 levi
625 1069 1000 1125 grammaticorum
1031 1069 1258 1112 vetustatis
1283 1069 1551 1112 affectatione
1579 1073 1673 1112 orta
1697 1069 1802 1127 sint3
1831 1084 1932 1112 sane

378 1139 525 1181 eodem
543 1139 637 1182 loco
658 1139 822 1182 codices
848 1140 1021 1196 quidam
1045 1141 1230 1184 minores
1249 1129 1456 1199 (Urbinas
1478 1155 1527 1184 ac
1545 1141 1778 1184 Vaticanus
1797 1139 1933 1197 3415)

378 1213 488 1252 teste
519 1210 707 1253 Haulero
745 1211 852 1253 illud
887 1213 1000 1266 queis
1037 1212 1254 1254 exhibent.
1315 1212 1426 1255 Solis
1461 1212 1506 1255 in
1543 1211 1934 1268 declamationibus,

379 1297 486 1337 quae
517 1282 647 1338 vulgo
679 1282 841 1324 rhetori
873 1283 998 1325 alicui
1030 1283 1213 1326 adscribi
1252 1283 1408 1339 solent,
1445 1283 1616 1338 saepius
1652 1284 1691 1326 ei
1726 1282 1935 1338 scriptum

379 1353 626 1408 reperimus.
693 1353 844 1409 Itaque
881 1354 962 1397 etsi
999 1354 1226 1397 concedam
1264 1369 1288 1395 a
1323 1354 1412 1396 veri
1449 1353 1590 1409 specie
1629 1353 1744 1396 haud
1785 1353 1936 1396 abesse

380 1423 630 1466 Sallustium
667 1426 948 1481 aequalesque
987 1426 1077 1468 eius
1113 1427 1152 1469 ei
1188 1425 1452 1481 adhibuisse,
1496 1428 1544 1467 ut
1577 1424 1698 1481 longi
1729 1432 1747 1466 i
1784 1438 1935 1467 sonum

380 1495 688 1552 significarent,
731 1500 875 1539 tamen
917 1513 941 1539 a
983 1500 1131 1540 nostro
1175 1499 1378 1541 contextu
1420 1496 1708 1552 hodiernaque
1751 1494 1936 1538 editione

380 1567 508 1624 longe
540 1567 647 1609 illud
678 1569 980 1612 removendum
1013 1584 1103 1612 esse
1135 1584 1231 1612 cum
1263 1568 1415 1611 ceteris
1446 1568 1597 1611 iudico.

501 1649 544 1695 ’7.
599 1651 669 1693 De
700 1666 820 1694 voce
853 1651 1041 1694 ‘labos’
1074 1652 1286 1708 eiusque
1318 1651 1589 1694 similibus.

500 1721 745 1779 Quaeritur,
786 1725 932 1765 utrum
972 1723 1017 1765 in
1054 1723 1107 1766 iis
1143 1723 1339 1780 vocibus,
1382 1737 1561 1779 quarum
1604 1721 1762 1777 stirpes
1797 1720 1842 1762 in
1878 1727 1939 1764 -b‘s

382 1796 556 1848 exeunt,
587 1793 632 1835 in
663 1808 762 1835 casu
794 1794 1057 1836 nominativo
1089 1808 1151 1837 -OS
1182 1809 1235 1836 an
1266 1809 1330 1837 -or
1361 1793 1631 1836 scribendum
1664 1791 1734 1835 sit.
1792 1790 1938 1846 Atque

380 1865 508 1907 honor
538 1865 671 1907 habet
702 1865 786 1907 iam
818 1868 939 1908 sexta
972 1866 1046 1907 illa
1077 1865 1326 1921 Scipionum
1363 1864 1607 1920 inscriptio,
1643 1878 1739 1905 cum
1775 1863 1939 1918 quarta,

385 1951 493 1991 quae
525 1936 808 1993 quadraginta
837 1937 925 1980 fere
957 1937 1024 1979 vel
1057 1937 1371 1994 quinquaginta
1402 1936 1524 1978 annis
1554 1937 1652 1978 ante
1683 1933 1817 1976 incisa
1846 1947 1941 1975 esse

382 2007 562 2063 videtur,
591 2008 717 2051 honos
747 2009 963 2064 praebeat.
1024 2008 1168 2051 Primo
1200 2024 1235 2050 a.
1266 2008 1360 2050 Chr.
1393 2007 1560 2050 saeculo
1596 2020 1684 2049 non
1714 2004 1939 2048 constabat

384 2078 512 2135 ratio,
549 2079 678 2121 etiam
708 2079 927 2137 Vergilius
957 2080 1212 2122 vetustiores
1243 2080 1401 2122 formas
1438 2079 1484 2120 in
1514 2092 1557 2121 os
1588 2079 1804 2120 exeuntes
1821 2090 1939 2132 prae·

385 2150 496 2191 tulit.
565 2150 645 2192 Sed
684 2151 854 2194 eosdem
892 2150 1141 2194 Sallustium
1178 2165 1405 2207 usurpasse
1451 2149 1614 2206 optimo
1652 2147 1786 2192 Servii
1823 2146 1942 2190 testi-

384 2221 527 2263 monio
566 2221 722 2277 elucet,
760 2222 813 2264 ad
848 2221 953 2266 Aen.
985 2221 1005 2264 I
1037 2223 1140 2265 253:
1185 2222 1304 2264 ‘item
1342 2220 1569 2264 Sallustius
1608 2233 1743 2275 paene
1779 2217 1940 2273 ubique

386 2293 497 2335 labos
523 2293 680 2350 posuit,
713 2308 838 2348 quem
868 2294 987 2335 nulla
1010 2293 1240 2336 necessitas
1265 2292 1372 2351 (scil.
1403 2290 1548 2349 metri)
1580 2289 1747 2347 coegit?
1796 2288 1940 2344 Atque

385 2364 696 2420 testimonium,
734 2365 848 2419 quod
886 2365 990 2420 quin
1020 2365 1072 2406 ad
1102 2364 1257 2420 Asperi
1295 2364 1340 2406 in
1374 2362 1574 2406 historias
1606 2359 1798 2404 Sallustii
1829 2363 1938 2402 com-

385 2435 617 2477 mentarios
636 2435 792 2492 redeat,
817 2451 904 2478 non
929 2436 1107 2478 dubium
1127 2438 1204 2491 est,
1230 2435 1404 2477 minime
1429 2434 1530 2476 licet
1554 2432 1798 2490 infringere,
1821 2431 1939 2474 velut

386 2507 548 2549 Jordan
579 2506 716 2563 iussit,
746 2506 876 2549 immo
908 2522 1007 2549 vero
1034 2507 1129 2549 aliis
1159 2507 1288 2549 rebus
1317 2504 1588 2561 comprobari
1618 2502 1724 2546 mihi
1754 2502 1939 2557 videtur3

388 2578 545 2620 etenim
577 2579 688 2621 labos
718 2578 898 2634 praebet
928 2578 1161 2621 Vaticanus
1192 2580 1235 2620 et
1266 2578 1314 2620 fr.
1339 2577 1381 2620 H
1399 2578 1468 2633 47,
1491 2578 1513 2619 1
1547 2578 1590 2618 et
1619 2575 1669 2618 fr.
1694 2573 1756 2617 HI
1776 2574 1846 2629 48,
1867 2574 1938 2628 183

386 2649 606 2692 Parisinus
638 2649 809 2704 quidem
847 2651 890 2691 et
927 2649 971 2691 in
1002 2649 1234 2706 Iugurthae
1272 2651 1316 2691 et
1346 2649 1391 2691 in
1423 2646 1659 2690 Catilinarii
1695 2646 1789 2688 loco
1827 2643 1940 2687 labor

386 2721 537 2776 habet,
574 2736 670 2762 cum
701 2735 799 2763 vero
832 2720 877 2762 in
908 2720 1055 2762 eodem
1087 2720 1175 2763 Cat.
1204 2721 1258 2763 15
1289 2720 1395 2763 color
1424 2719 1609 2776 legatur,
1639 2717 1808 2760 Probus
1837 2715 1940 2758 colos

388 2794 588 2847 testatur,
622 2791 771 2834 deinde
801 2791 892 2848 Iug.
917 2791 987 2847 44,
1018 2792 1094 2833 ubi
1126 2791 1290 2834 codices
1321 2792 1419 2834 odor
1449 2789 1672 2845 exhibent,
1709 2789 1804 2831 odos
1831 2786 1940 2843 legit

389 2863 482 2918 ipse
501 2863 674 2905 Fronto.
714 2863 806 2914 Qua
824 2877 869 2905 re
889 2877 985 2905 cum
997 2861 1153 2917 Asperi
1174 2862 1359 2905 Serviive
1379 2861 1582 2903 iudicium
1601 2859 1764 2916 optime
1782 2857 1940 2900 fultum

392 2949 481 2977 esse
514 2934 816 2991 intelligamus,
847 2933 950 2988 quin
982 2932 1208 2975 Sallustius
1240 2948 1284 2975 re
1316 2948 1414 2974 vera
1445 2932 1606 2988 ubique
1636 2931 1794 2972 formas
1823 2931 1940 2971 vetu-
