1916 3178
862 148 1154 190 —60—

229 258 399 298 narrata
429 269 566 309 neque
597 252 756 309 mium,
788 253 824 295 si
860 252 971 296 Livii
1009 268 1100 296 esse
1143 256 1256 296 recte
1294 253 1492 309 opinatus
1530 269 1642 311 sum,
1677 249 1788 311 'quae

231 329 378 369 extant
406 325 518 380 apud
548 323 680 366 Plut.
707 339 813 380 cap.
839 325 865 367 8
898 327 941 366 et
973 339 1071 380 cap.
1104 326 1167 367 24
1198 324 1370 366 fluxisse
1395 328 1512 380 puto.
1555 326 1667 369 Dein
1690 341 1788 371 eum
1816 362 1829 378 ,

230 398 311 439 hoc
343 396 547 451 scriptore
578 394 765 450 partium
795 395 1084 438 Romanarum
1116 395 1307 437 studioso
1340 395 1500 451 optime
1531 397 1788 441 conveniunt

229 467 395 510 numeri
427 467 471 508 in
501 467 707 509 honorem
740 467 950 509 exercitus
974 466 1156 509 Romani
1188 482 1446 522 magnopere
1477 467 1603 510 aucti.
1655 467 1788 513 Velut

232 541 420 581 trecenta
457 537 575 579 milia
611 540 708 580 ante
747 537 944 592 Cyzicum
982 538 1093 579 fame
1130 540 1406 580 mortuorum,
1437 537 1594 595 (Oros.
1629 538 1658 582 1.
1681 538 1710 581 l.
1746 541 1790 583 et

230 610 359 651 Plut.
404 624 504 664 cap.
540 606 619 664 11)
663 612 706 650 et
749 611 921 651 centum
970 608 1088 650 milia
1131 609 1183 650 ad
1226 609 1529 665 Tigranocerta
1571 623 1790 654 caesorum

231 680 363 738 (apud
394 680 524 722 Plut.
550 677 636 736 28)
674 679 737 721 illi
775 679 971 735 scriptori
1001 675 1360 722 Livium'debere
1390 683 1510 735 puto,
1539 679 1644 723 item
1673 695 1789 724 sexa-

233 751 356 807 ginta
392 751 511 793 milia
547 750 736 793 hostium
768 751 820 792 ad
853 750 1048 792 Cabiram
1085 750 1320 793 occisorum
1351 750 1555 808 (perioch.
1582 749 1671 808 97).
1730 751 1790 795 Et

229 822 359 876 vides,
391 825 651 877 quantopere
689 824 837 863 auctor
874 821 947 863 ille
978 821 1185 864 mentitus
1217 822 1284 878 sit,
1316 837 1412 864 cum
1446 822 1559 877 apud
1590 821 1788 866 cahiram

230 908 275 935 re
318 908 417 935 vera
460 892 632 935 omnino
675 907 877 934 numerus
914 891 1190 934 Ponticorum
1233 892 1515 949 quadraginta
1549 892 1669 936 milia
1702 907 1790 936 non

232 963 469 1006 excesserit.
480 961 514 1019 1)
575 962 658 1005 Sed
689 963 794 1004 duos
825 963 904 1004 hos
922 963 1088 1019 tontes,
1119 963 1281 1006 scilicet
1307 962 1558 1006 Sallustium
1588 966 1632 1006 et
1662 979 1787 1007 anna-

229 1034 336 1076 lium
369 1034 630 1090 scriptorem,
654 1033 823 1075 Livium
849 1034 1158 1076 contaminasse
1190 1034 1387 1077 existimo
1419 1035 1470 1076 de
1499 1050 1646 1092 pugna
1675 1035 1788 1091 apud

232 1105 534 1161 Tigranocerta
559 1106 683 1160 facta,
711 1119 795 1160 qua
820 1104 865 1146 in
890 1104 1164 1146 describenda
1192 1107 1240 1146 ut
1264 1120 1438 1160 prorsus
1463 1120 1560 1148 cum
1584 1105 1786 1150 Sallustio

232 1175 351 1231 facit,
394 1176 456 1217 ita
492 1179 639 1218 contra
677 1175 927 1218 Sallustium
965 1174 1097 1233 (apud
1132 1175 1262 1218 Plut.
1294 1177 1349 1218 29
1394 1179 1436 1218 et
1472 1176 1684 1219 Dionem
1714 1175 1788 1234 3⁵)

230 1261 315 1289 una
364 1262 461 1289 cum
498 1246 695 1302 Appiano
746 1261 778 1288 c.
812 1247 868 1290 85
905 1246 930 1288 i.
963 1262 996 1288 e.
1035 1245 1242 1288 Strabone
1284 1247 1578 1290 Mithridatem
1624 1248 1786 1303 proelio

230 1317 475 1360 interfuisse
507 1320 819 1360 commemorat.
877 1317 1160 1360 Gravissimus
1190 1321 1408 1373 praeterea
1439 1321 1504 1361 est
1533 1317 1719 1374 Appiani
1745 1322 1788 1362 et

230 1388 341 1430 Livii
384 1404 614 1431 consensus
658 1389 708 1430 de
752 1391 1023 1444 tempestate,
1066 1403 1149 1444 qua
1185 1388 1456 1431 Mithridates
1497 1388 1685 1432 Pontum
1726 1389 1787 1432 in—

231 1459 428 1516 grediens
447 1460 632 1502 afflictus
657 1462 733 1502 est.
771 1459 946 1502 Etenim
971 1462 1014 1502 et
1039 1459 1252 1502 Orosius
1276 1459 1344 1503 VI
1369 1462 1408 1515 2,
1433 1461 1496 1503 24
1522 1462 1565 1502 et
1588 1459 1709 1516 App.
1731 1462 1785 1506 78

230 1544 307 1585 per
330 1530 491 1585 piratas
517 1545 614 1572 eum
640 1532 855 1572 servatum
879 1530 1045 1572 venisse
1065 1529 1287 1586 Sinopen
1317 1524 1508 1587 tradunt,
1545 1531 1619 1574 sed
1643 1546 1787 1575 secun—

231 1602 332 1643 dum
352 1600 602 1644 Sallustium
621 1601 892 1644 Mithridates
912 1616 963 1643 ex
989 1604 1243 1657 tempestate
1262 1601 1558 1644 Heracleam
1582 1603 1788 1660 confugit,

231 1673 342 1714 unde
380 1673 516 1715 multo
554 1673 724 1715 demum
760 1675 859 1728 post
896 1671 1082 1727 Sinopen
1118 1675 1264 1715 vectus
1302 1670 1422 1730 est.2)
1488 1672 1600 1723 Quin
1629 1673 1675 1717 in
1705 1674 1787 1717 sin-

231 1743 345 1800 gulis
402 1746 644 1800 congruunt
692 1742 914 1798 Appianus
964 1742 1242 1799 Orosiusque‚
1295 1744 1364 1786 cf.:
1426 1742 1637 1787 ‘Amisum
1691 1759 1788 1788 cum

231 1829 411 1871 magna
443 1814 763 1856 difficultate
794 1813 1003 1869 pervenit'
1030 1816 1073 1855 et
1097 1812 1224 1869 App:
1255 1813 1364 1857 ὅθεν
1389 1815 1413 1858 ὁ
1439 1812 1520 1870 μὲν
1547 1815 1590 1866 ἐς
1609 1813 1789 1872 Ἀμισὸν
1827 1847 1830 1849 -

231 1885 327 1929 ἀπὸ
358 1886 492 1928 κάλω
527 1883 800 1928 διαπλέων.
862 1884 997 1935 Quem
1028 1899 1213 1927 errorem
1243 1887 1472 1941 utrumque
1510 1901 1532 1928 e
1563 1887 1682 1928 fonte
1711 1886 1787 1929 illo
1842 1934 1847 1937 ¹

231 1956 446 1999 communi
484 1956 715 2012 sumpsisse
751 1971 922 1998 necesse
960 1958 1035 1998 est.
1099 1955 1255 1998 Contra
1287 1956 1493 2000 Graecum
1522 1957 1668 2012 potius
1697 1958 1788 2000 fon-

232 2031 320 2070 tem
345 2027 528 2083 sapiunt,
554 2042 661 2083 quae
686 2026 839 2070 Strabo
860 2030 903 2069 et
927 2027 1074 2069 Livius
1100 2027 1150 2069 de
1174 2028 1302 2070 rebus
1327 2043 1352 2070 a
1375 2028 1539 2071 Fannio
1565 2030 1608 2070 et
1631 2027 1787 2071 Metro—

232 2099 371 2155 phane
415 2099 462 2141 in
496 2098 648 2155 Lydia,
692 2099 745 2140 ab
782 2097 1001 2140 Eumacho
1046 2098 1091 2139 in
1125 2097 1315 2155 Phrygia
1356 2099 1492 2156 gestis
1535 2097 1788 2156 enarranffl),

234 2171 285 2213 cf.
322 2169 436 2212 Serv.
474 2170 527 2211 ad
562 2168 667 2211 Aen.
698 2169 738 2211 X
765 2170 866 2211 712:
906 2168 1066 2211 ‘Livius
1102 2168 1315 2211 Inarinem
1359 2170 1404 2212 in
1439 2169 1660 2213 Maeoniae
1694 2184 1787 2226 par-

230 2241 348 2283 tibus
380 2256 470 2283 esse
503 2240 617 2296 dicit,
648 2240 721 2282 ubi
752 2255 828 2295 per
858 2239 1168 2296 quinquaginta
1192 2240 1311 2282 milia
1335 2243 1472 2284 terrae
1497 2241 1589 2298 igni
1614 2243 1787 2284 exustae

232 2314 349 2368 sunt3
379 2312 461 2354 hoc
492 2311 622 2353 etiam
652 2311 888 2353 Homerum
919 2310 1180 2367 significasse
1211 2311 1331 2353 vult?
1380 2311 1527 2356 Livius
1551 2314 1707 2367 autem,
1737 2315 1787 2355 ut

230 2386 344 2425 recte
388 2385 629 2425 autumasse
673 2382 779 2424 mihi
822 2382 991 2424 videtur
1025 2380 1250 2438 Arnold4)‚
1298 2397 1385 2424 non
1427 2383 1609 2438 amplius
1653 2398 1786 2425 unum

230 2469 400 2496 versum
435 2453 613 2495 Homeri
649 2453 756 2510 legit
793 2453 838 2495 in
875 2456 1045 2495 auctore
1084 2468 1160 2495 suo
1197 2452 1244 2495 Il.
1270 2452 1311 2495 Π
1339 2455 1440 2496 783:
1478 2455 1544 2496 εἰν
1577 2452 1784 2511 Ἀρίμοις,

232 2525 308 2567 ὅθι
345 2524 453 2580 φασὶ
491 2524 698 2580 Τυφωέος
735 2523 921 2579 ἔμμεναι
958 2524 1104 2578 εὐνάς,
1141 2539 1224 2579 quo
1262 2540 1285 2566 e
1326 2539 1451 2567 versu
1493 2515 1786 2567 taeterrimum

231 2595 513 2638 Inarimorum
537 2611 693 2638 nomen
717 2595 851 2637 finxit.
907 2594 957 2636 In
977 2610 1141 2637 summa
1167 2598 1309 2638 autem
1328 2596 1389 2639 rei
1409 2595 1620 2638 consentit
1638 2594 1786 2638 Livius

353 2717 385 2758 1)
413 2713 466 2749 Cf.
491 2711 587 2759 App.
614 2716 674 2756 783
699 2712 797 2747 Plut.
819 2715 880 2755 153
906 2711 1040 2748 Memn.
1067 2715 1123 2747 43.

352 2774 388 2817 2)
415 2771 467 2807 Cf.
494 2771 630 2808 Memn.
655 2774 712 2806 42.

352 2834 386 2875 3)
416 2830 518 2866 Oros.
538 2830 591 2866 VI
614 2835 647 2876 2,
675 2833 836 2873 16—183
861 2840 937 2874 per.
965 2832 1028 2872 943
1053 2828 1149 2874 App.
1177 2832 1232 2866 75.

351 2891 387 2935 4)
411 2890 436 2925 l.
462 2890 486 2926 l.
511 2902 548 2935 p.
569 2894 625 2925 81.
