2034 3184
754 146 983 191 Fragmenta
1004 113 1156 180 69.-77.
1657 141 1672 181 l
1685 139 1738 181 87

12 239 21 283 ³⁷
164 234 420 305 &erendum
452 261 522 300 ille
554 259 767 312 cogitavit,
805 260 847 298 et
877 259 1028 297 feroces
1059 270 1175 297 voces
1206 256 1301 295 huic
1334 255 1561 307 fragmento
1596 252 1746 292 similes

163 319 384 367 &milites
396 320 635 361 Valerianos
655 318 949 359 oboedientiam
967 316 1201 368 imperatori
1221 316 1464 367 denegantes
1477 313 1616 354 referri
1629 324 1745 364 posse

164 379 373 433 videntum
404 380 478 420 illa
508 380 636 433 igitur
666 379 714 419 de
744 392 787 418 rc
819 378 886 430 agi
917 378 992 417 hoc
1024 378 1112 417 loco
1144 376 1309 416 conicio.

290 472 367 518 74.
427 473 551 516 Tum
574 486 694 515 vero
718 469 957 526 Bithynii
983 468 1397 526 propinquantes
1427 467 1525 510 iam
1553 479 1746 508 amnem

167 544 450 591 Arsaniam.

288 639 396 686 App.
448 639 514 685 (IV
534 643 578 675 62
592 638 636 684 D,
663 641 708 673 20
722 637 767 682 K,
794 640 839 672 50
855 636 903 681 G,
934 635 969 670 ΙΙ
993 647 1028 681 p.
1053 637 1095 670 79
1110 634 1185 680 Br.)
1221 655 1265 660 —
1301 633 1409 669 Arus.
1435 646 1471 679 p.
1493 636 1573 668 500.
1602 633 1615 676 ΙΙ
1643 632 1747 678 vero]

170 686 256 725 utro
281 687 331 724 N.
359 709 403 714 -—
429 685 618 734 Bithynii]
643 683 870 731 Atropateni
896 685 989 720 coni.
1016 683 1167 719 Dietsch
1191 686 1326 718 temere.
1349 703 1393 707 —
1414 679 1631 727 Arsaniam]
1658 679 1747 714 Tar-

170 733 319 773 tunium
337 735 390 781 N,
413 746 506 772 corr.
526 735 686 771 Dietsch.

291 800 459 840 Oomm.
519 800 580 840 De
616 812 755 851 pugna
793 810 897 836 anno
926 798 980 836 68
1020 796 1071 834 ad
1102 795 1316 834 Arsaniam
1351 794 1500 833 flumen
1538 793 1749 832 commissa

170 860 236 901 hic
272 860 341 913 agi
377 873 425 900 ex
461 860 546 900 veri
586 859 708 900 simili
745 858 963 908 eademque
1003 856 1198 895 facillima
1235 853 1431 894 Dietschii
1472 852 1749 892 emendatione

171 919 395 960 didicimus.
460 920 640 970 Bithynii
675 931 817 969 nempe
862 917 903 955 in
947 915 1124 955 exercitu
1161 915 1434 954 Romanorum
1480 914 1574 952 sunt
1611 913 1751 951 cohors

173 980 370 1032 quaedam
397 982 471 1019 aut
496 980 562 1019 ala
587 978 812 1028 auxiliaris3
845 977 915 1028 qui
944 989 1035 1015 cum
1061 989 1081 1015 e
1107 988 1215 1015 more
1240 975 1515 1014 Romanorum
1541 973 1582 1011 in
1608 972 1751 1010 itinere

172 1039 348 1092 primum
378 1042 562 1079 tenerent
591 1040 744 1090 locum,
782 1050 876 1076 sane
914 1036 1034 1087 primi
1073 1036 1123 1074 ad
1153 1035 1302 1073 flumen
1334 1033 1548 1072 Arsaniam
1580 1044 1752 1072 accesse-

171 1101 285 1152 runt3
317 1112 363 1140 ac
395 1099 690 1151 quaerentibus,
724 1097 917 1149 quidnam
949 1099 1030 1135 tum
1061 1107 1150 1134 vero
1182 1094 1382 1145 acciderit,
1415 1093 1532 1132 facile
1565 1091 1752 1132 subaudi-

173 1171 264 1200 mus
304 1159 438 1200 subito
480 1159 571 1199 illos
611 1160 700 1197 tum
737 1158 872 1197 hostes
908 1158 1021 1195 trans
1063 1156 1211 1194 flumen
1249 1155 1291 1193 in
1329 1153 1499 1204 planitie
1540 1152 1754 1203 dispositos

175 1220 437 1272 conspexisse.

298 1297 412 1344 75³³.
467 1299 607 1343 More
664 1297 924 1354 equestris
972 1294 1163 1352 proelii
1214 1293 1437 1351 sumptis
1487 1293 1653 1351 tergis
1702 1308 1757 1335 ac

176 1371 409 1415 redditis.

176 1439 208 1444 ”
296 1465 404 1512 App.
445 1439 542 1511 hnc.
565 1464 665 1510 55D‚
692 1468 734 1499 21
750 1464 794 1510 K,
822 1462 922 1508 2401,
947 1463 1036 1508 ΠΡ.
1058 1461 1213 1507 550Br.)
1234 1483 1278 1488 -
1299 1460 1401 1497 Serv.
1422 1459 1472 1495 ad
1491 1459 1583 1496 Aen.
1604 1458 1656 1494 xl
1676 1462 1756 1495 619.

298 1529 465 1570 Comm.
526 1529 591 1569 Ad
621 1542 782 1582 pugnae
822 1529 873 1568 ad
903 1527 1120 1567 Arsaniam
1150 1527 1282 1566 factae
1320 1525 1527 1566 exordium
1558 1526 1756 1577 fragmen-

178 1592 267 1631 tum
292 1591 472 1642 spectare
497 1589 597 1629 mihi
620 1589 793 1641 videtur,
825 1589 874 1628 cf.
900 1589 1008 1627 Plut.
1035 1601 1066 1627 c.
1089 1590 1162 1626 31:
1195 1586 1244 1627 οὐ
1270 1584 1351 1638 μὴν
1384 1584 1566 1638 ἐπράχθη
1601 1599 1637 1624 τι
1661 1587 1758 1636 λαμ-

178 1649 281 1704 πρὸν
312 1646 381 1690 ἀπ’
416 1649 563 1701 αὐτῶν,
594 1648 713 1702 μικρὰ
746 1646 788 1688 δὲ
819 1652 901 1696 τοῖς
934 1648 1096 1687 ἱππεῦσι
1132 1652 1211 1687 τῶν
1238 1643 1441 1699 Ῥωμαίων
1481 1643 1759 1695 διαπληκτισά-

179 1724 292 1764 μενοι
321 1708 415 1758 vobs·
446 1709 588 1758 πεζοὺς
619 1707 803 1756 ἐπιόντας
835 1707 910 1748 οὐκ
941 1705 1159 1760 ὑπέμειναν
1183 1709 1262 1747 κτλ.

302 1800 379 1847 76.
440 1801 603 1845 Simul
640 1816 724 1844 eos
763 1804 812 1844 et
843 1803 1057 1844 cunctos
1095 1799 1192 1842 iam
1224 1798 1510 1842 inclinatos
1539 1797 1759 1840 laxitate

179 1873 283 1918 loci
319 1873 496 1931 plures
534 1873 775 1917 cohortes
813 1876 968 1929 atque
1009 1887 1200 1929 omnes,
1244 1873 1300 1914 ut
1343 1870 1395 1913 in
1433 1869 1653 1913 secunda
1690 1884 1761 1924 re,

181 1945 382 2003 pariter
413 1961 556 1989 acres
587 1946 851 1988 invadunt.
1025 1939 1028 1942 ⁴

301 2040 410 2087 App.
461 2039 526 2086 (IV
550 2044 596 2076 44
610 2039 660 2085 D,
694 2040 779 2085 2K‚
812 2043 857 2075 68
872 2039 922 2085 G,
953 2039 988 2074 Π
1018 2037 1234 2085 p.109B1-.)
1267 2059 1311 2063 -
1343 2036 1490 2072 Nonius
1515 2037 1550 2072 Π
1579 2048 1614 2082 p.
1644 2040 1722 2072 132.

183 2089 380 2126 Lacumam
393 2092 478 2134 post
496 2099 559 2123 eos
579 2088 710 2124 statuit
728 2088 772 2124 L.
789 2088 940 2124 Maller.
956 2109 999 2113 -—
1015 2086 1185 2133 cunctos]
1207 2096 1344 2121 cuneos
1367 2086 1459 2121 coni.
1482 2085 1527 2120 L.
1543 2084 1694 2120 Maller.
1716 2105 1759 2109 —

182 2136 361 2184 laxitate]
379 2135 520 2172 laxitas
540 2137 579 2172 et
597 2137 713 2180 codd„
732 2147 824 2172 corr.
846 2135 1014 2172 Mereier.
1029 2156 1076 2161 ——
1090 2135 1211 2181 acres]
1237 2144 1323 2169 acre
1342 2134 1458 2177 codd„
1479 2144 1570 2169 corr.
1592 2132 1761 2168 Μαγαῖον.

304 2201 472 2242 Comm.
527 2202 636 2240 Haec
662 2201 826 2240 minime
853 2202 1051 2252 quadrare
1078 2200 1129 2239 ad
1154 2212 1334 2251 pugnam
1360 2198 1626 2249 Cabirensem,
1656 2197 1763 2248 quod

183 2262 318 2304 voluit
345 2261 477 2313 Kritz,
514 2261 579 2301 vel
610 2274 657 2300 ea
687 2274 730 2300 re
762 2261 962 2313 sequitur,
1001 2259 1109 2311 quod
1139 2260 1211 2298 illa
1242 2259 1285 2297 in
1317 2257 1528 2311 angustiis,
1560 2271 1641 2297 non
1671 2258 1763 2296 laxo

185 2323 272 2363 loco
309 2321 522 2362 commissa
558 2322 636 2372 est,
674 2322 716 2360 et
752 2321 919 2360 eandem
956 2321 1006 2360 ob
1043 2333 1128 2359 rem
1159 2319 1207 2358 de
1240 2318 1537 2371 Tigranocertis
1574 2317 1764 2369 cogitare,

184 2382 299 2422 velut
329 2381 501 2422 Gerlach
531 2380 673 2433 voluit,
705 2382 901 2420 vetamur.
965 2380 1042 2419 Sed
1072 2380 1170 2419 haec
1201 2379 1348 2418 laxitas
1379 2378 1458 2418 loci
1490 2378 1640 2428 optime
1672 2390 1763 2416 con-

185 2441 298 2483 venit
327 2454 419 2481 cum
449 2441 568 2480 rebus
600 2441 651 2479 ad
682 2440 897 2480 Arsaniam
927 2440 1068 2492 gestis3
1107 2441 1229 2490 atque
1269 2441 1412 2478 notum
1443 2440 1504 2477 est
1534 2439 1627 2488 post
1657 2438 1765 2476 leves

186 2501 372 2554 equitum
407 2513 566 2553 pugnas
603 2501 785 2540 cohortes
822 2500 1080 2552 legionesque
1117 2499 1295 2539 hostium
1336 2499 1565 2549 equitatum
1601 2497 1764 2548 fudisse,

186 2561 280 2602 dein
310 2561 442 2612 ipsam
471 2560 645 2600 mediam
672 2560 858 2612 Tigranis
884 2560 1011 2599 aciem
1037 2559 1249 2610 invasisse,
1280 2559 1387 2598 hunc
1419 2558 1470 2596 ad
1501 2557 1699 2608 impetum
1731 2556 1765 2595 si

186 2621 460 2674 fragmentum
474 2621 704 2672 referemus,
724 2620 874 2671 optime
894 2633 1055 2672 quoque
1075 2619 1342 2670 explicabitur
1361 2618 1508 2657 acritas
1527 2617 1600 2656 illa
1619 2617 1764 2657 Roma-

186 2693 344 2733 norum,
369 2680 441 2732 qui
465 2683 510 2720 ut
530 2682 575 2720 17η
599 2681 772 2720 seownda
795 2692 849 2732 re,
875 2680 917 2720 id
941 2682 1002 2720 est
1024 2679 1118 2719 freti
1136 2679 1307 2719 victoria
1333 2679 1380 2718 de
1407 2677 1611 2728 equitibus
1629 2690 1763 2727 repor-

187 2742 278 2781 tata
307 2740 519 2781 Armenios
551 2740 853 2793 aggrediuntur.

189 2874 191 2876 .
311 2831 419 2878 77*.
472 2831 766 2889 Hieronym.
799 2832 857 2875 de
889 2831 995 2876 situ
1021 2835 1072 2876 et
1103 2808 1228 2875 nom.
1260 2830 1351 2874 loc.
1383 2830 1521 2872 hebr.
1549 2827 1765 2887 (onomast.

189 2920 313 2951 sacra
339 2907 398 2950 ed.
430 2905 618 2960 Layarde
634 2918 680 2960 p.
699 2903 820 2963 117):
851 2903 1002 2949 ‘Porro
1035 2903 1278 2961 Sallustius,
1309 2905 1460 2946 auctor
1491 2900 1767 2960 certissimus,
