1976 3190
474 134 674 171 Enarratio
695 138 893 171 133-136.
919 156 967 161 --
991 134 1220 181 Fragmenta
1247 139 1445 172 127—136.
1690 134 1748 178 53

297 241 406 290 131.
466 243 542 288 Ad
573 243 831 301 Corycum.

192 396 196 397 .
228 338 400 434 ⁴36>App
451 339 482 385 (I
506 341 551 374 57
566 338 599 374 G
623 338 681 375 ed.
707 337 838 375 maior.
865 339 1004 384 (1823),
1035 337 1052 372 Ι
1076 350 1111 383 p.
1134 341 1202 373 537
1216 338 1291 384 Br.)
1317 360 1363 364 —
1390 338 1568 375 Priscian.
1590 338 1658 374 XV
1683 338 1748 384 (ΠΙ

171 398 208 435 p.
293 416 301 424 .

291 462 459 504 Comm.
514 463 607 503 Duo
634 462 782 514 oppida
807 461 950 513 Coryci
974 462 1134 502 nomine
1166 452 1296 502 indita
1321 476 1405 502 esse
1432 464 1548 503 obliti
1574 463 1746 504 editores

170 522 263 564 inde
282 536 307 564 a
324 523 478 563 Kritzio
502 523 601 563 haec
625 522 747 563 verba
766 522 808 562 in
833 522 894 574 iis,
922 535 1026 573 quae
1047 523 1204 562 Nonius
1231 537 1251 562 e
1278 523 1379 562 libro
1406 524 1578 563 secundo
1604 524 1748 563 laudat

170 576 239 638 (fr.
264 583 306 623 Π
331 577 421 638 81),
453 582 648 623 contineri
671 582 752 622 rati
777 584 890 633 sunt,
922 582 1181 622 discernenda
1212 596 1305 622 vero
1331 595 1415 622 esse
1443 583 1606 622 Ciliciae
1633 583 1745 634 oppi-

93 684 103 690 ,.
169 643 267 684 dum
285 655 399 683 croco
419 642 721 683 celeberrimum
739 644 780 682 et
798 642 1074 694 Pamphyliae,
1101 642 1216 682 cuius
1241 644 1382 693 postea
1401 643 1582 682 Attaleia
1600 657 1745 683 nomen

169 702 296 744 fuisse
326 703 468 756 fertur,
498 702 579 743 iam
610 702 767 755 Proleg.
802 699 917 757 (fasc.
941 697 981 757 I)
1012 716 1050 753 p.
1079 704 1134 742 68
1167 702 1344 753 exposui.

291 793 401 840 132.
460 793 611 852 Apud
643 794 906 851 Corycum.

286 888 394 937 App.
444 889 570 936 (Deest
593 889 679 926 inde
703 901 728 925 a
755 888 974 934 Gerlachio.)
1000 909 1046 914 -
1070 887 1186 924 Prisc.
1206 887 1231 924 1.
1252 887 1303 923 ad
1321 887 1365 924 fr.
1388 888 1493 924 1311.

287 972 396 1020 133.
456 973 609 1030 Apud
638 974 762 1017 Lete
795 973 1053 1030 oppidum.

283 1068 390 1116 App.
441 1068 472 1116 (Ι
491 1071 535 1104 81
550 1068 594 1114 D,
620 1068 665 1114 K,
693 1072 761 1104 113
776 1067 819 1114 G,
845 1067 879 1103 H
903 1079 939 1114 p.
963 1070 1030 1103 185
1044 1067 1120 1114 ΒΥ.)
1145 1089 1193 1094 --
1216 1067 1332 1104 Prisc.
1359 1067 1383 1104 1.
1410 1067 1434 1104 1.

285 1151 395 1199 134.
454 1153 718 1210 Repulsus
748 1169 773 1196 a
804 1153 927 1196 Lete
960 1153 1165 1209 oppido.

281 1248 389 1295 App.
440 1247 470 1294 (I
490 1251 534 1284 82
547 1247 592 1293 D,
618 1247 663 1294 K,
691 1251 759 1283 114
774 1247 817 1293 G,
843 1247 878 1282 II
901 1259 937 1294 p.
960 1250 1028 1283 186
1042 1247 1118 1294 ΒΥ.)
1143 1269 1190 1274 -
1214 1246 1395 1283 Priscian.
1423 1247 1447 1283 l.
1474 1247 1498 1283 l.

261 1334 393 1391 ι135.
459 1344 607 1389 Iussu
645 1343 846 1388 Metelli
888 1343 1086 1388 Celeris
1126 1344 1417 1388 cornicines
1458 1360 1740 1389 occanuere

162 1417 317 1466 tubis-

281 1511 388 1559 App.
439 1512 470 1558 (I
490 1514 532 1547 71
546 1511 591 1557 D,
618 1515 663 1547 69
677 1510 722 1556 K,
742 1514 787 1546 99
803 1510 846 1556 G,
871 1511 889 1546 I
906 1523 942 1558 p.
961 1514 1030 1546 595
1043 1511 1119 1557 ΒΥ.)
1139 1533 1185 1537 —
1206 1510 1386 1547 Priscian.
1408 1511 1441 1546 X
1460 1511 1508 1558 (Π
1526 1524 1562 1558 p.
1584 1514 1678 1559 529).
1693 1534 1740 1539 —

160 1559 331 1597 Diomed.
353 1572 390 1607 p.
411 1563 492 1597 374.
517 1581 565 1586 -
591 1558 755 1595 Glossar.
778 1558 901 1595 Vatic.
928 1560 995 1605 (ed.
1017 1559 1062 1594 A.
1085 1559 1183 1595 Mai.
1203 1564 1299 1596 auct.
1319 1560 1457 1596 classic.
1486 1560 1640 1606 VIIIp.
1662 1563 1737 1607 86).

38 1639 41 1643 ,
159 1629 208 1636 -
226 1608 328 1645 Serv.
348 1609 399 1644 ad
419 1607 553 1654 Georg.
572 1607 608 1643 11
627 1610 714 1644 384:
736 1608 891 1643 ‘cornua
911 1607 1190 1643 occanuerunt.'
1212 1609 1224 1652 ΙΙ
1244 1606 1400 1655 Celeris]
1421 1619 1486 1644 om.
1509 1608 1739 1653 Priscianus,

46 1663 47 1666 ’
85 1670 90 1675 ·
159 1657 367 1702 Diomedes,
390 1658 508 1704 vulyo.
528 1677 575 1682 -
593 1654 714 1703 tubis]
739 1667 804 1691 om.
826 1656 948 1700 iidem,
973 1660 1167 1701 utrumque
1191 1656 1289 1691 solus
1310 1657 1467 1692 servavit
1484 1657 1672 1703 ylossator.
1692 1678 1739 1683 —

159 1703 385 1752 cornicines]
410 1704 640 1748 Priscianus,
665 1704 872 1748 Diomedes,
896 1705 1026 1750 qlossa,
1053 1714 1193 1739 cornua
1219 1703 1338 1741 Servii
1361 1705 1482 1748 codd,
1511 1705 1562 1740 ad
1587 1706 1738 1741 eumdem

158 1756 280 1790 autem
303 1753 422 1789 locum
445 1763 526 1788 cwm
549 1756 710 1798 spectare
734 1763 752 1787 c
775 1753 890 1787 simili
914 1756 1127 1799 aryumeuto
1148 1753 1317 1798 consequi
1341 1753 1502 1796 videtur,
1533 1754 1670 1789 scilicet
1694 1764 1739 1789 ea:

157 1801 278 1837 eodem
301 1801 362 1837 illi
378 1801 616 1848 qrammatico
634 1800 797 1836 hausisse
816 1800 983 1846 putandi
1000 1804 1097 1836 swnt.
1119 1821 1165 1825 —
1185 1800 1407 1846 occanuere]
1435 1811 1614 1836 occanere
1634 1802 1735 1837 codd.

158 1848 360 1886 Diomedis.

277 1925 446 1966 Comm.
507 1925 574 1964 Ad
608 1924 760 1964 bellum
793 1924 1059 1976 Hispaniense
1098 1937 1122 1963 a
1152 1924 1317 1964 Metello
1336 1925 1421 1964 'Pio
1459 1927 1620 1977 gestum
1657 1940 1738 1966 non
1777 1964 1779 1966 .

157 1985 411 2026 referendum
447 1997 532 2025 esse
568 1985 676 2024 hunc
712 1985 846 2024 locum
882 1984 1014 2024 verbis
1052 1998 1072 2024 e
1110 1984 1254 2037 glossis
1295 1997 1402 2024 nunc
1443 1985 1568 2024 erutis
1606 1986 1737 2025 edocti

157 2058 308 2087 sumus.
357 2045 493 2097 Atque
520 2043 564 2092 Q.
584 2044 770 2084 Metellus
796 2044 911 2084 Celer
935 2057 1039 2084 anno
1061 2046 1112 2084 81
1142 2044 1340 2095 Lepidum
1365 2045 1570 2086 accusavit
1595 2039 1736 2099 (schol.

156 2105 223 2146 Ps.
240 2105 386 2146 Ascon.
404 2105 447 2144 in
465 2105 577 2145 Verr.
597 2104 639 2143 H
659 2106 683 2143 8
710 2118 747 2155 p.
771 2106 854 2145 206
870 2099 971 2158 On),
995 2104 1178 2156 Pompeii
1195 2104 1277 2143 fuit
1300 2105 1462 2155 legatus
1487 2105 1591 2145 bello
1617 2106 1737 2145 mari-

156 2165 274 2218 timo,
309 2167 503 2216 praetura
537 2165 702 2204 functus
741 2166 802 2204 est
838 2178 943 2204 anno
977 2166 1044 2204 63.
1113 2164 1192 2211 Qui
1232 2177 1324 2204 cum
1360 2164 1403 2203 in
1439 2165 1544 2204 bello
1582 2166 1735 2205 versari

155 2225 383 2277 callidoque
414 2225 551 2276 aliquo
583 2225 868 2276 strategemate
899 2225 964 2263 uti
994 2224 1260 2276 describatur,
1299 2225 1384 2264 veri
1415 2225 1576 2264 videtur
1606 2226 1735 2265 simile

155 2297 240 2326 esse
277 2298 371 2325 611111
407 2286 662 2336 quaestorem
697 2285 762 2323 vel
803 2297 875 2336 pro
914 2286 1126 2336 quaestore
1164 2298 1269 2324 anno
1304 2286 1357 2324 78
1397 2287 1537 2324 contra
1574 2287 1735 2337 gentem

155 2345 360 2397 quandam
385 2358 410 2384 a
433 2346 578 2384 senatu
602 2343 770 2383 missum
795 2357 897 2396 esse,
922 2357 1052 2396 neque
1076 2358 1171 2384 vero
1191 2344 1298 2384 credi
1321 2346 1457 2395 potest
1480 2345 1555 2384 hoc
1580 2346 1735 2385 factum

155 2417 239 2445 esse
270 2404 314 2444 in
349 2405 501 2444 maiore
532 2404 708 2456 quodam
737 2404 860 2456 bello,
898 2405 1011 2444 velut
1042 2404 1163 2457 civili,
1196 2404 1427 2444 Sertoriano
1458 2405 1731 2456 Lepidanove3

154 2464 292 2516 potius
322 2465 371 2505 de
400 2465 507 2505 bello
538 2455 807 2516 Macedonico,
844 2464 892 2504 de
924 2478 1004 2515 quo
1039 2464 1140 2503 nihil
1171 2465 1253 2504 fere
1286 2464 1445 2517 scimus,
1482 2465 1652 2505 fortasse
1683 2465 1732 2504 de

154 2523 274 2566 rebus
304 2525 347 2564 in
377 2524 477 2564 Asia
507 2523 715 2576 provincia
746 2524 871 2576 gestis
902 2525 1162 2577 cogitandum
1194 2526 1264 2564 est.

277 2627 387 2674 136.
453 2627 535 2672 Sic
576 2644 695 2671 vero
741 2628 887 2684 quasi
930 2628 1209 2672 formidine
1253 2628 1520 2671 attonitus
1563 2643 1730 2684 neque

154 2700 324 2744 animo
353 2715 518 2756 neque
549 2699 764 2742 auribus
795 2702 889 2743 aut,
913 2699 1094 2758 lingua
1126 2700 1254 2743 satis
1285 2702 1592 2755 competere.

0 2749 6 2782 rw
0 2551 13 2730 -v-a-‚v-qa
10 2527 13 2531 ι
6 2474 11 2475 ,
0 2438 15 2450 7
10 2395 14 2398 ἡ

274 2806 381 2854 App.
419 2806 450 2852 (Ι
463 2808 508 2841 88
523 2807 562 2842 et
574 2805 646 2842 inc.
661 2810 707 2841 34
718 2806 762 2851 D,
781 2805 798 2840 Ι
811 2809 857 2842 88
867 2805 912 2851 K,
928 2806 946 2841 I
959 2810 1004 2841 63
1016 2805 1059 2851 G,
1079 2806 1096 2841 I
1108 2819 1144 2852 p.
1157 2809 1226 2841 358
1241 2808 1279 2841 et
1292 2809 1362 2841 496
1373 2806 1447 2851 Br.)
1461 2827 1508 2831 —
1521 2805 1666 2841 Nonius
1680 2806 1732 2842 IV

151 2866 189 2903 p.
211 2857 290 2891 276.
310 2875 358 2881 —
375 2854 547 2890 Donatus
567 2854 618 2889 ad
637 2853 784 2889 Terent.
806 2853 965 2900 Adelph.
986 2854 1038 2889 ΠΙ
1059 2859 1090 2899 2,
1114 2859 1175 2890 12:
1203 2853 1405 2898 Sallustius
1430 2854 1581 2898 ‘neque'
1604 2865 1634 2890 e.
1650 2866 1684 2899 q.
1701 2866 1727 2890 S.

0 2907 2 2929 *
154 2914 242 2940 cum
265 2902 312 2940 de
337 2903 515 2939 amente
536 2901 758 2948 Septimio
778 2900 1004 2948 loqueretur.
1024 2904 1036 2947 ΙΙ
1055 2902 1226 2949 auribus]
1246 2914 1312 2938 om.
1337 2903 1378 2946 O,
1401 2900 1555 2938 auribus
1575 2903 1642 2938 aut
1660 2914 1727 2938 om.

0 2886 4 2891 -
0 2788 8 2870 Ἴννα-ω.
