1976 3190
265 165 323 206 42
761 165 915 201 sanusffi
939 140 1189 202 fiis'torimm
1214 166 1278 202 lib.
1299 167 1324 202 1.

383 271 496 317 93³².
556 272 858 328 Hispaniam
889 273 990 316 sibi
1022 274 1281 330 antiquam
1313 274 1531 330 patriam
1563 289 1693 324 esse„
1725 285 1730 289 “
1771 300 1776 309 =

383 365 488 410 App.
540 365 569 410 (Ι
588 369 632 400 59
643 365 687 411 D,
707 366 750 411 K,
776 366 846 403 inc.
870 371 913 402 14
925 366 967 412 G,
993 367 1010 402 I
1027 380 1061 412 p.
1084 371 1151 403 582
1166 367 1239 413 Br.)
1268 389 1312 393 —
1339 366 1438 404 Serv.
1460 367 1509 403 ad
1527 368 1617 404 Aen.
1643 369 1662 404 Ι
1679 371 1818 406 380..-

265 413 316 447 Id.
344 412 393 448 ib.
421 413 473 447 HI
492 416 570 448 297.
591 414 603 458 ΙΙ
622 412 832 461 antiquam]
857 425 923 451 om.
952 414 1096 451 Servius
1120 416 1170 451 ad
1195 415 1254 451 lib.
1275 415 1353 451 III.

383 488 549 528 Oomm.
612 487 800 528 Omnium
830 490 1016 542 virorum,
1050 504 1219 541 quorum
1251 491 1433 530 Sallustii
1463 491 1639 532 historiis
1669 492 1818 533 mentio

263 548 319 598 fit,
351 561 465 587 nemo
497 548 597 587 talia
621 549 669 587 de
700 561 740 588 se
771 550 999 599 praedicare
1024 551 1160 600 potuit
1183 550 1260 588 nisi
1286 550 1495 598 Sertorius.
1553 550 1682 597 Quare
1712 552 1819 604 frag-

263 608 443 645 mentum
466 607 523 645 ibi
548 620 639 646 cum
661 608 812 647 Kritzio
837 609 950 648 nobis
976 609 1250 648 collocandum
1275 611 1345 660 est,
1370 610 1441 648 ubi
1466 609 1686 650 Sertorium
1708 610 1820 651 blan-

262 666 403 705 diendo
435 666 705 717 Hispanorum
736 667 887 707 animos
919 668 994 706 sibi
1025 668 1298 707 reconciliasse
1331 669 1482 708 dictum
1513 664 1584 708 est.
1636 680 1639 682 ·
1682 678 1685 681 “

380 755 491 801 94*.
547 757 845 813 Modicoque
873 761 921 800 et
947 758 1173 815 eleganti
1198 759 1414 815 imperio
1441 750 1819 815 percarusfuit.

378 850 484 895 App.
537 850 623 895 (Inc.
647 853 677 894 7,
700 850 777 895 9D,
803 850 906 895 45K,
935 851 1050 896 77G.)
1078 873 1121 877 —
1147 852 1283 888 Adnot.
1306 853 1355 888 ad
1373 853 1510 889 Lucan.
1530 853 1686 888 VH267
1713 853 1820 899 (deest

261 898 302 932 in
329 896 360 932 O
386 902 420 932 et
447 898 505 942 G).
532 899 544 940 ΙΙ
569 897 806 951 modicoque]
838 880 984 933 mo'dico
1017 910 1163 943 quoque
1194 901 1300 946 vulyo
1332 912 1376 936 ew
1407 900 1572 944 Webero‚
1601 899 1642 935 111
1671 900 1819 936 modico
1870 943 1880 951 .

261 944 382 988 Kritz,
407 944 439 979 is
462 944 628 988 Gerlach,
654 944 707 980 eis
727 945 876 980 Dietsch
899 946 998 989 falsa
1021 947 1097 981 nisi
1121 948 1277 982 lectione.
1298 968 1343 973 --
1362 947 1530 992 eleganti
1547 947 1720 1003 imperio]
1745 947 1820 984 elo-

259 993 439 1074 {?g11i123t1
447 991 573 1075 Ρῖοἱὲι
583 993 640 1037 W
663 992 888 1038 elegantum
924 994 1065 1038 (omisso
1095 993 1212 1039 perio)
1246 995 1286 1038 V,
1324 993 1499 1040 diligenti
1534 996 1625 1031 coni.
1657 995 1820 1040 Dietsch,

380 1114 545 1154 Comm.
597 1116 816 1155 Sertorium
840 1117 914 1156 hoc
938 1117 1024 1156 loco
1044 1117 1349 1170 intelligendum
1374 1130 1457 1157 esse
1483 1118 1637 1168 primus
1654 1119 1819 1159 Dietsch

262 1173 345 1212 lure
374 1175 578 1213 contendit
603 1175 748 1214 collato
774 1175 981 1215 Plutarchi
1006 1189 1037 1215 c.
1059 1179 1102 1216 6:
1133 1176 1306 1230 ήμερος
1337 1174 1418 1228 μὲν
1450 1175 1512 1216 ὢν
1539 1176 1582 1216 ἐν
1605 1181 1690 1225 ταῖς
1714 1177 1819 1231 εἰρη-

261 1236 394 1280 νικαῖς
423 1233 581 1286 χρείαις,
613 1232 785 1287 φοβερὸς
818 1232 859 1273 δὲ
889 1240 934 1289 τῇ
965 1242 1190 1292 παρασκευῇ
1222 1234 1319 1275 κατὰ
1350 1241 1426 1275 τῶν
1457 1236 1652 1288 πολεμίων
1677 1235 1819 1287 φαινό-

260 1306 377 1343 μενος
409 1294 549 1342 atque·
581 1291 877 1345 ἀνελάμβανε
903 1291 1064 1349 ὁμιλία
1093 1309 1138 1333 τε
1163 1294 1273 1342 τοὺς
1306 1294 1541 1342 δυνατοὺς
1570 1294 1650 1336 καὶ
1681 1294 1817 1347 φόρων

261 1348 389 1390 ἀνέσει
420 1351 512 1398 τοὺς
544 1352 724 1399 πολλούς.
775 1352 937 1404 μάλιστα
973 1351 1014 1392 δὲ
1045 1359 1122 1392 τῶν
1153 1352 1423 1405 ἐπισταθμιῶν
1454 1352 1676 1402 ἀπαλλάξας
1705 1352 1820 1408 ἠγα-

259 1409 404 1461 πήθη.
466 1411 581 1457 Quod
617 1411 739 1450 etiam
776 1411 1000 1451 confirmari
1030 1413 1188 1452 videtur
1219 1413 1483 1463 Exuperantii
1520 1413 1658 1453 eadem
1692 1413 1742 1453 de
1776 1427 1819 1454 re

260 1470 502 1509 testimonio.

377 1548 489 1593 95²⁸.
550 1548 840 1605 Hieronym.
873 1549 1020 1605 epist.
1053 1550 1112 1592 ad
1141 1550 1378 1608 Magnum
1409 1550 1518 1609 (70),
1539 1552 1583 1595 6:
1621 1551 1712 1594 ‘sed
1741 1565 1820 1607 per

259 1622 303 1661 te
336 1619 442 1662 mihi
473 1620 659 1676 proponi
691 1621 746 1663 ab
780 1621 863 1663 alio
903 1621 1214 1679 quaestionem,-
1254 1623 1326 1678 qui
1357 1624 1468 1665 forte
1499 1625 1680 1678 propter
1709 1637 1820 1665 amo-

261 1705 352 1733 rem
383 1691 659 1734 historiarum
687 1691 879 1735 Sallustii
915 1692 1168 1747 Calpurnius
1199 1698 1454 1748 coynomento
1486 1694 1703 1738 Lanarius
1733 1692 1818 1738 sit?

376 1783 481 1829 App.
533 1785 657 1829 (Deest
680 1786 722 1821 in
746 1786 823 1822 edd.
845 1790 992 1831 praeter
1018 1785 1229 1823 Cortianam
1252 1799 1286 1832 p.
1310 1789 1426 1832 1012.)

376 1867 488 1912 96³³.
550 1858 810 1913 Salinator
840 1870 891 1912 in
922 1870 1120 1927 agmine
1153 1870 1415 1913 occiditur.

374 1961 480 2007 App.
533 1961 658 2008 (Deest
682 1963 724 1998 in
747 1963 840 2008 edd.)
867 1984 910 1989 —
938 1963 1074 1999 Comm.
1101 1963 1208 1999 Bern.
1236 1964 1285 1999 ad
1309 1963 1446 1999 Lucan.
1468 1963 1485 1998 I
1503 1967 1583 2000 478.

379 2038 546 2077 Comm.
595 2039 821 2090 Utrumque
846 2040 1117 2091 fragmentum
1141 2041 1192 2078 ad
1218 2039 1259 2079 G.
1283 2040 1406 2078 Annii
1430 2040 1472 2078 in
1492 2040 1729 2090 Hispaniam
1759 2040 1818 2079 in-

256 2097 460 2136 vasionem
491 2099 669 2148 spectare
701 2098 883 2149 sequitur
913 2112 933 2138 e
965 2099 1071 2137 Plut.
1097 2112 1128 2137 c.
1159 2094 1199 2138 7:
1232 2098 1574 2152 Καλπουρνίου
1606 2097 1655 2138 δέ
1684 2114 1814 2147 τινος

259 2155 510 2207 ἐπίκλησιν
540 2157 790 2209 Λαναρίου
823 2157 1242 2208 δολοφονήσαντος
1267 2156 1350 2197 τὸν
1377 2154 1578 2198 Ἰούλιον
1609 2160 1687 2198 κτλ.

377 2246 455 2291 97.
515 2247 709 2290 Paucos
741 2248 927 2290 saltum
958 2247 1246 2291 insidentis,

376 2340 483 2385 App.
535 2340 564 2385 (I
585 2344 652 2375 108
665 2340 709 2386 D,
739 2344 805 2376 116
819 2340 863 2386 Κ,
891 2344 935 2376 93
950 2340 1007 2386 G.)
1035 2362 1079 2367 —-
1105 2341 1210 2377 Arus.
1237 2353 1272 2387 p.
1293 2344 1373 2377 480.

379 2416 545 2455 Comm.
606 2417 755 2456 Milites
786 2417 828 2455 in
859 2418 966 2455 saltu
1000 2417 1136 2467 aliquo
1168 2417 1353 2457 collocati
1382 2417 1511 2468 primo
1543 2417 1645 2456 libro
1683 2418 1818 2468 appel-

256 2475 330 2514 lati
362 2487 445 2514 esse
476 2488 555 2514 non
589 2475 786 2527 videntur,
821 2476 899 2514 nisi
932 2476 1003 2514 ubi
1033 2477 1228 2526 Pyrenaei
1258 2477 1405 2516 montis
1436 2475 1630 2515 transitus
1661 2489 1686 2514 a
1715 2476 1814 2516 Sali-

259 2536 397 2574 natore
429 2535 623 2586 occupati,
655 2535 745 2574 dein
771 2535 821 2574 ab
845 2535 977 2574 Annio
1009 2536 1187 2592 superati
1212 2548 1295 2575 esse
1320 2535 1568 2586 dicebantur;
1600 2547 1723 2586 quare
1753 2535 1818 2575 hic

260 2594 530 2645 fragmentum
560 2594 739 2644 apposui.

378 2672 455 2717 98.
505 2673 690 2715 Earum
715 2672 845 2715 aliae
870 2673 1132 2728 paululum
1158 2687 1462 2731 progressae
1485 2671 1642 2715 nimio
1665 2673 1816 2716 simul

260 2746 308 2785 et
345 2743 542 2786 incerto
582 2758 748 2799 onere,
791 2758 900 2786 cum
937 2758 1094 2798 pavor
1133 2759 1348 2799 corpora
1386 2743 1695 2800 agitaverat,
1737 2743 1815 2786 de-

260 2814 625 2869 primebantu'r.

378 2907 482 2952 App.
523 2907 553 2952 (Ι
573 2907 671 2952 60]),
691 2907 734 2952 K,
756 2910 800 2941 87
812 2906 855 2952 G,
874 2907 908 2942 H
925 2919 960 2952 p.
981 2911 1047 2941 112
1059 2907 1132 2952 Br.)
1148 2928 1191 2933 —
1206 2906 1348 2942 Gellius
1362 2907 1396 2941 X
1409 2911 1464 2952 26,
1481 2910 1534 2942 10.
1549 2927 1594 2932 —
1607 2905 1751 2942 Nonius
1763 2905 1815 2942 VI
