1916 3178
195 240 429 292 auctorem,
479 237 528 278 cf.
568 236 753 290 στρεπτὰ
802 234 873 278 καὶ
918 237 1080 292 δόρατα
1120 236 1191 278 καὶ
1236 234 1478 290 στεφάνους
1522 233 1546 275 1.
1585 248 1618 276 e.
1661 236 1746 276 tor·

195 323 317 363 ques,
355 308 500 349 hastas
533 321 679 362 puras,
715 321 908 362 coronas;
948 306 1128 362 denique
1163 305 1416 348 conferenda
1456 319 1564 346 esse:
1610 303 1747 357 §5⁶65—

196 379 324 429 ξαντό
362 394 406 420 τε
447 379 588 436 κρότῳ
625 375 696 419 καὶ
733 379 1074 433 κατευφήμησαν
1112 392 1208 419 611111
1239 376 1337 419 Sall.
1370 376 1420 417 fr.
1446 374 1466 417 I
1491 376 1565 418 56:
1603 375 1668 418 ‘et
1706 375 1747 418 ei

194 463 295 490 voce
345 463 499 504 magna
548 447 896 504 gratulabantur'
951 448 1196 490 iamdudum
1246 447 1511 489 intellectum
1559 449 1635 489 est.
1691 471 1746 478 --

195 518 398 561 Attamen
438 533 694 574 quamquam
734 519 873 560 media
913 518 1040 560 huius
1081 519 1232 574 capitis
1271 534 1368 574 pars
1409 518 1462 559 ad
1498 517 1748 560 Sallustium

195 590 321 645 redit,
352 589 515 645 reliqua
546 589 597 631 de
629 589 779 632 iuvene
806 589 993 631 Sertorio
1024 589 1212 631 narratio
1239 580 1495 631 Sallustiana
1521 603 1612 631 esse
1642 588 1749 631 mihi

193 676 279 702 non
304 660 489 716 videtur3
521 663 564 702 et
595 660 766 702 omnino
793 660 1042 702 Sallustium
1068 662 1156 702 tam
1182 662 1375 702 accurate
1400 659 1504 701 11366
1535 673 1751 702 enarrasse

194 731 456 788 negaverim!
518 730 691 772 Etenim
733 746 839 786 quae
877 731 1134 773 Plutarchus
1171 731 1222 772 de
1253 730 1431 773 Sertorii
1469 729 1513 772 in
1543 728 1751 785 Hispania

195 805 322 857 atque
354 802 467 844 bello
499 802 680 843 Marsico
712 802 840 843 rebus
871 802 1005 858 gestis
1036 802 1183 857 habet,
1221 801 1375 843 hausta
1414 816 1503 843 esse
1539 815 1627 843 non
1657 814 1750 856 pos·

197 875 296 914 sunt
328 888 350 914 e
382 872 573 915 Sallustii
612 872 730 914 brevi
763 873 983 915 enuntiato
1016 872 1085 930 (fr.
1111 870 1251 928 IK55):
1293 872 1472 928 ‘Magna
1509 871 1647 929 gloria
1676 871 1750 914 tri·

195 944 334 985 bunus
375 943 561 985 militum
598 942 643 984 111
679 943 886 998 Hispania
923 943 968 985 T.
1000 943 1127 985 Didio
1165 943 1417 998 imperante,
1460 957 1616 999 magno
1653 941 1750 985 usui

195 1014 307 1056 bello
338 1014 519 1056 Marsico
551 1017 703 1069 paratu
734 1014 921 1056 militum
953 1017 995 1056 et
1027 1029 1242 1056 armorum
1274 1013 1375 1069 fuit,
1406 1013 1626 1068 multaque
1657 1015 1751 1055 tum

195 1086 323 1128 ductu
356 1085 446 1127 eius
477 1083 690 1141 peracta¹)
720 1085 858 1140 primo
890 1100 965 1140 per
992 1084 1327 1142 ignobilitatem,
1359 1084 1509 1126 deinde
1539 1099 1616 1140 per
1646 1083 1750 1126 invi-

195 1156 307 1198 diam
350 1156 605 1211 scriptorum
654 1156 788 1198 celata
832 1156 958 1198 sunt.’
1032 1156 1291 1212 Longiorem
1336 1158 1479 1198 autem
1523 1154 1750 1199 earundem

196 1242 338 1269 rerum
370 1226 681 1268 enarrationem
714 1242 765 1268 ex
796 1242 879 1282 qua
904 1227 1160 1269 Plutarchus
1186 1227 1356 1269 haurire
1387 1226 1608 1282 potuisset,
1640 1225 1751 1268 infra

195 1298 429 1339 insecutam
461 1312 551 1339 esse
583 1300 729 1339 vetant
767 1301 809 1339 et
846 1313 954 1352 quae
992 1299 1222 1340 succedunt
1254 1297 1445 1340 Sallustii
1483 1297 1612 1339 verba
1643 1311 1750 1352 quae

139 1375 142 1379 '
196 1368 280 1409 iam
305 1368 356 1409 ad
382 1384 472 1410 rem
499 1368 623 1424 plane
656 1368 864 1410 diversam
890 1369 1262 1425 transgrediuntur
1288 1371 1330 1410 et
1354 1367 1613 1410 narrationis
1638 1367 1751 1423 apud

194 1439 472 1481 Plutarchum
505 1440 626 1495 ordo,
658 1440 932 1482 antecessisse
963 1455 1063 1497 vero
1096 1455 1144 1481 ea
1176 1439 1348 1482 omnino
1374 1454 1497 1496 nego,
1529 1453 1626 1481 cum
1654 1453 1751 1480 nus-

196 1526 322 1565 quam
354 1511 492 1566 quoad
524 1510 679 1552 scimus
718 1511 794 1552 tali
832 1511 957 1553 modo
996 1525 1039 1552 se
1077 1510 1296 1565 repetierit
1327 1509 1572 1552 Sallustius!
1631 1509 1750 1553 Neve

196 1596 218 1622 e
250 1581 389 1623 verbis
415 1581 606 1623 Sallustii
640 1580 810 1622 edeinde
836 1596 912 1636 per
944 1581 1146 1623 invidiam
1178 1581 1434 1636 scriptorum
1465 1580 1600 1623 celata
1629 1579 1752 1622 sunt'

196 1652 338 1694 elicias
388 1652 542 1694 idcirco
590 1652 730 1707 ipsum
774 1652 1024 1694 Sallustium
1075 1655 1197 1708 gesta
1243 1651 1420 1694 Sertorii
1471 1666 1558 1694 non
1603 1651 1751 1707 celare,

196 1722 269 1763 sed
310 1723 521 1765 celebrare
567 1723 768 1765 voluisse:
819 1723 948 1765 immo
989 1739 1088 1765 vero
1127 1739 1214 1766 non
1253 1723 1412 1778 potuit,
1460 1737 1643 1778 namque
1683 1737 1751 1764 res

197 1793 373 1836 Sertorii
395 1794 454 1836 ita
475 1795 687 1836 oblivione
709 1795 885 1836 obrutae
912 1797 1043 1850 erant,
1069 1797 1117 1836 ut
1143 1794 1356 1836 exstitisse
1382 1808 1464 1849 eas,
1489 1793 1602 1848 quod
1625 1807 1751 1835 nemo

197 1865 451 1920 scriptorum
488 1865 692 1920 narravit,
731 1865 820 1920 ipse
858 1868 1026 1907 tantum
1057 1865 1270 1907 Sertorius
1306 1864 1413 1906 facie
1457 1879 1533 1906 sua
1568 1865 1751 1906 testatus

197 1935 263 1977 sit.
320 1935 401 1978 Sed
432 1937 485 1978 ad
515 1936 624 1978 hanc
654 1935 910 1978 narrationis
942 1936 1196 1978 brevitatem
1227 1935 1386 1991 optime
1418 1935 1627 1990 quadrant
1657 1933 1751 1976 reli-

198 2020 282 2060 qua
319 2005 510 2048 Sallustii
549 2006 806 2062 fragmenta,
850 2021 957 2062 quae
1000 2006 1083 2048 huc
1120 2005 1331 2061 pertinere
1375 2005 1597 2047 iudicanda
1639 2007 1751 2061 sunt,

197 2075 308 2118 sicut
351 2077 401 2118 de
446 2077 669 2133 stipendiis
712 2092 736 2118 a
767 2076 955 2119 Sertorio
1001 2076 1153 2118 mereri
1197 2076 1358 2131 coeptis
1401 2076 1450 2118 fr.
1488 2076 1567 2118 1116.
1600 2077 1656 2119 65
1681 2076 1750 2119 D.:

197 2146 381 2204 ‘Togam
418 2148 717 2203 paludamento
755 2148 937 2190 mutavit
948 2147 971 2204 ',
1015 2151 1107 2190 tum
1147 2147 1197 2189 fr.
1236 2147 1314 2189 inc.
1349 2148 1421 2189 76:
1465 2145 1604 2189 ‘Inter
1634 2161 1751 2189 arma

198 2218 339 2260 civilia
370 2219 493 2274 aequi
525 2219 710 2274 bonique
747 2219 881 2261 famas
912 2219 1055 2274 petit',
1092 2233 1229 2273 neque
1266 2217 1407 2260 minus
1440 2232 1494 2260 ea
1525 2232 1632 2273 quae
1663 2217 1750 2260 Sal-

196 2289 326 2331 lustio
358 2290 470 2344 apud
495 2289 606 2331 Plut.
639 2305 671 2332 6.
700 2291 723 2332 7
751 2289 895 2331 deberi
921 2289 1210 2345 iudicavimus.
1271 2288 1416 2330 Etiam
1447 2288 1500 2344 is,
1532 2288 1604 2347 qui
1636 2291 1750 2331 certe

196 2375 328 2402 unum
360 2360 609 2403 Sallustium
641 2361 878 2417 exscripsit,
911 2359 1245 2416 Exuperantius,
1277 2359 1551 2402 accuratioris
1581 2358 1632 2401 de
1658 2357 1749 2400 Ser-

196 2431 307 2473 torio
343 2432 600 2474 narrationis
636 2432 807 2474 initium
847 2431 978 2474 sumit
1015 2432 1068 2473 ab
1105 2446 1215 2473 anno
1253 2431 1423 2473 demum
1461 2432 1535 2486 833
1571 2433 1615 2472 et
1651 2429 1749 2472 inde

196 2502 249 2543 ab
282 2502 429 2544 eodem
459 2518 569 2545 anno
601 2503 730 2545 etiam
760 2503 1055 2558 Plutarchum,
1093 2502 1294 2558 quoniam
1331 2517 1427 2544 cum
1457 2500 1748 2556 Exuperantio

197 2575 239 2614 et
276 2573 467 2616 Sallustii
503 2574 755 2630 fragmentis
792 2573 959 2629 saepius
996 2573 1212 2630 congruit,
1254 2572 1457 2615 Sallustio
1495 2586 1621 2614 usum
1658 2586 1749 2615 esse

318 2754 351 2792 1)
379 2748 557 2795 ‘Eiusque
575 2750 698 2795 rapta’
721 2749 841 2794 codd„
862 2749 1021 2784 correxit
1039 2748 1181 2794 Mahly.
1207 2769 1254 2774 —
1279 2747 1450 2784 Ceterum
1477 2747 1618 2782 ‘manu’
1648 2747 1750 2792 quod.

198 2808 346 2844 addidit
370 2808 506 2844 Linker
538 2809 651 2854 (‘tum
682 2809 797 2844 ductu
830 2807 909 2844 eius
935 2807 1176 2855 <manu>que
1207 2807 1370 2851 curata’)
1401 2805 1645 2842 falsissimum
1675 2807 1744 2851 est,

199 2879 359 2913 namque
379 2868 425 2904 de
444 2868 554 2903 rebus
567 2867 717 2904 fortiter
735 2878 849 2902 manu
867 2866 984 2913 gestis
1004 2866 1155 2902 omnino
1174 2867 1338 2902 nondum
1357 2864 1522 2911 loquitur
1536 2863 1747 2901 Sallustius.
