2034 3184
731 155 961 203 ssagmenta
983 159 1135 192 43—50.
1640 154 1725 198 175

271 264 350 313 46.
399 265 493 319 Qui
525 266 730 324 quidem
761 280 867 310 mos
898 269 952 309 ut
984 266 1135 309 tabes
1167 266 1217 309 in
1243 266 1419 309 urbem
1446 265 1723 310 coniectus.

16 399 34 421 ..g
271 373 379 420 App.
419 373 484 419 (IV
504 373 600 419 261),
621 372 718 418 59Κ,
738 375 783 407 30
793 371 835 417 G,
857 372 921 418 Ip.
938 375 1005 407 267
1015 372 1089 418 Br.)
1103 372 1295 408 —Festus
1315 385 1350 419 p.
1366 372 1504 418 359M.‚
1524 385 1559 419 p.
1576 376 1644 409 542
1655 372 1722 409 Th.

0 416 33 506 ξμ-
149 420 163 476 U
186 421 284 504 mtouz]
305 431 378 477 nos
396 433 470 505 21²0
493 434 523 458 r.
546 421 591 458 F.
618 442 663 448 —-
689 419 897 467 coniectus]
924 420 1057 456 coierit
1081 422 1187 467 vulyo
1212 433 1257 456 ex
1275 422 1358 457 edit.
1383 422 1422 457 O.
1444 421 1611 466 Malleri,
1637 432 1723 456 con-

26 479 34 487 .
149 478 208 505 100
295 480 372 506 mm
475 481 529 506 us.

270 544 438 586 Comm.
502 546 700 594 Quoniam
730 545 793 584 his
831 545 946 584 annis
978 545 1324 585 vehementissime
1355 546 1398 584 in
1429 546 1579 585 iudicia
1611 559 1722 586 sena-

149 605 255 646 toria
296 605 541 657 increpuisse
587 606 803 657 populares
846 605 1125 656 corruptisque
1169 606 1366 645 iudicibus
1410 606 1724 646 infensissimum

8 690 29 716 J·
80 670 84 671 ⁷
149 665 272 705 fuisse
310 665 458 705 scimus
494 666 692 717 populum
731 659 801 719 (cf.
832 666 964 705 locum
997 664 1075 704 Cic.
1109 665 1160 704 ad
1191 666 1238 704 fr.
1265 668 1319 704 44
1359 661 1609 720 laudatum),
1648 667 1722 705 hac

146 724 254 775 tabis
295 724 473 778 imagine
517 725 647 777 ipsam
689 725 986 776 corruptionem
1030 738 1118 764 eam
1161 725 1465 777 intelligendam
1506 738 1589 765 esse
1631 739 1723 764 cum

146 784 352 825 Dietschio
384 785 609 837 consenti03
643 798 690 824 ac
722 797 816 824 sane
849 785 999 836 optime
1031 785 1090 824 ita
1121 785 1193 823 illa
1225 786 1420 836 appellari
1451 785 1598 836 potuit.
1660 786 1723 823 Ad

145 843 328 896 Pompeii
365 846 503 886 autem
539 845 759 885 orationem
801 845 940 884 eadem
980 845 1179 896 pertinere
1221 859 1268 884 ex
1305 845 1398 897 illis,
1441 857 1544 896 quae
1584 844 1720 884 Cicero

145 904 338 957 narravit,
369 905 454 944 veri
485 905 614 945 simile
646 907 718 945 est.

8 630 33 687 i

10 708 27 753 f

4 898 30 1100 ξ
266 1006 344 1054 47.
416 1007 747 1051 Multitudini
798 1009 1093 1067 ostendens,
1150 1024 1296 1065 quam
1348 1008 1515 1051 colere
1560 1008 1722 1065 pluri-

0 1101 25 1314 ι
146 1095 294 1138 mum,
337 1082 392 1123 ut
429 1095 541 1123 mox
580 1080 776 1136 cupitis
815 1081 1104 1123 ministram
1135 1080 1368 1136 haberet,
1413 1081 1722 1124 decreverat.

263 1185 371 1233 App.
416 1186 481 1233 (IV
499 1190 545 1222 32
559 1186 603 1231 D,
625 1190 669 1222 58
683 1187 727 1232 Κ,
749 1190 794 1222 29
810 1186 866 1233 G.)
887 1208 931 1212 —
952 1187 1060 1223 Arus.
1081 1199 1115 1232 p.
1137 1191 1217 1223 494.
1238 1189 1250 1233 u
1270 1187 1487 1234 ostendens]
1511 1187 1721 1232 obsequens

145 1235 239 1271 coni.
257 1246 333 1272 van
350 1234 513 1280 Hoeven,
539 1246 577 1270 se
604 1235 805 1270 ostendens
827 1235 975 1271 Linker.
996 1256 1042 1261 —
1062 1234 1291 1282 ministram]
1318 1234 1532 1270 ministrum
1552 1236 1602 1280 N,
1628 1247 1719 1272 corr.

144 1294 226 1320 mmv
244 1282 403 1320 Hoeven.
430 1304 478 1309 —
501 1282 677 1331 haberet]
702 1283 843 1318 habere
870 1283 920 1319 N.

265 1389 346 1438 48.
400 1391 664 1451 Collegam
689 1392 937 1436 minorem
963 1395 1013 1435 et
1045 1393 1123 1435 sui
1149 1392 1402 1436 cultorem
1427 1396 1720 1449 expectans.

190 1545 220 1582 Π
263 1497 372 1583 ΑῙΞῙῙ).
416 1498 482 1544 (l'V
500 1502 546 1534 33
557 1499 601 1545 D,
622 1503 667 1535 54
678 1499 722 1545 K,
744 1499 820 1545 9G,
846 1499 881 1535 H
898 1511 934 1545 p.
956 1502 1026 1534 310
1036 1499 1110 1546 Br.)
1130 1521 1178 1526 -—-
1197 1499 1303 1535 Arus.
1330 1511 1365 1545 p.
1387 1503 1467 1535 461.
1487 1501 1500 1545 {l
1519 1499 1720 1547 collegam]

145 1557 190 1582 co
221 1557 294 1594 ega
355 1576 363 1583 .

265 1623 432 1665 Comm.
470 1625 708 1676 Pompeium
721 1625 923 1664 enuntiati
936 1625 1058 1664 huius
1072 1637 1157 1664 esse
1171 1625 1396 1664 subiectum
1410 1647 1458 1652 —
1475 1626 1584 1676 quod
1594 1639 1720 1664 unum

145 1683 396 1724 Dietschium
420 1685 605 1736 huncque
630 1685 738 1725 iusto
765 1685 1022 1725 cunctantius
1041 1685 1262 1736 repperisse
1282 1698 1376 1725 sane
1396 1686 1551 1725 mireris
1566 1708 1622 1712 —
1637 1686 1719 1725 effi—

0 1781 3 1789 ,
145 1743 253 1784 citur
281 1744 390 1784 Plut.
423 1743 551 1784 Crass.
584 1758 615 1784 e.
645 1747 718 1784 12:
757 1743 948 1797 ἐπεθύμει
985 1743 1060 1799 γὰρ
1092 1743 1200 1797 ἁμῶς
1236 1743 1280 1799 γέ
1317 1758 1401 1793 πως
1439 1743 1498 1785 ἀεὶ
1529 1745 1660 1798 χάριτ
1670 1744 1690 1784 ό
1700 1761 1719 1792 ς

0 1801 7 1863 ξ
144 1817 276 1852 τινος
306 1801 559 1856 ὀφειλέτην
589 1805 757 1858 λαβεῖν
787 1803 868 1845 τὸν
902 1804 1135 1859 Κράσσον.

264 1919 344 1966 49.
403 1919 705 1964 Exercitum
743 1921 961 1978 dimisit,
999 1924 1054 1963 ut
1091 1921 1309 1977 primum
1340 1920 1493 1977 Alpis
1525 1922 1718 1978 digres-

145 2006 232 2035 sus
262 1995 350 2036 est.
995 2004 999 2006 “

264 2097 372 2145 App.
422 2098 487 2146 (IV
506 2099 606 2145 281),
632 2099 732 2145 52Κ,
759 2103 803 2135 26
816 2099 858 2146 G,
885 2100 919 2135 Π
943 2112 978 2146 p.
999 2103 1069 2135 422
1080 2099 1155 2146 ΒΓ.)
1180 2121 1227 2125 -
1252 2099 1359 2136 Arus.
1387 2112 1422 2146 p.
1443 2104 1524 2136 464.
1545 2102 1557 2147 ΙΙ
1577 2100 1720 2147 digres-

146 2147 225 2194 sus]
251 2146 449 2194 degressus
473 2149 567 2184 coni.
589 2147 685 2185 Keil.

265 2223 433 2264 Comm.
505 2224 549 2272 Q.
593 2225 802 2265 Metellum
845 2226 997 2265 dictum
1043 2238 1127 2266 esse
1170 2228 1301 2278 patet,
1346 2239 1438 2266 cum
1482 2226 1719 2276 Pompeium

144 2285 274 2324 multo
306 2284 467 2324 demum
496 2286 638 2336 postea
668 2285 887 2325 exercitum
918 2286 1114 2326 dimisisse
1146 2288 1311 2326 constet.
1334 2338 1337 2341 Ι

266 2399 345 2446 50.
405 2399 547 2452 Quod
577 2400 628 2443 in
664 2416 910 2458 praesens
946 2402 1091 2445 modo
1129 2402 1259 2446 satis
1296 2405 1500 2445 cautum
1536 2403 1719 2445 fuerat.

265 2507 373 2554 App.
423 2507 488 2554 (IV
508 2511 552 2544 69
565 2506 610 2553 D,
638 2511 682 2542 72
695 2506 740 2553 Κ,
766 2511 812 2543 32
827 2507 884 2554 G.)
912 2529 956 2534 —
981 2508 1089 2545 Arus.
1114 2521 1150 2555 p.
1171 2512 1252 2544 487.
1279 2511 1290 2555 ΙΙ
1315 2509 1433 2556 quod]
1459 2508 1544 2554 quis
1569 2510 1677 2555 vulyo
1701 2519 1719 2544 e

191 2557 198 2564 ⁰
329 2556 400 2592 wni
423 2556 640 2592 coniectwra.

266 2632 434 2674 Comm.
496 2632 540 2673 Si
575 2646 661 2672 rem
697 2633 939 2684 requirimus
977 2633 1180 2684 quandam
1218 2636 1363 2685 quarto
1401 2635 1503 2674 libro
1535 2634 1718 2686 relatam,

135 2705 252 2748 ‘quae
280 2693 394 2733 brevi
422 2694 585 2732 tantum
615 2706 686 2743 per
716 2694 875 2744 tempus
893 2693 1128 2733 *constituta
1159 2694 1251 2734 dein
1283 2695 1481 2745 dirempta
1513 2696 1584 2746 est,
1616 2694 1719 2733 nihil

145 2752 390 2805 invenimus,
426 2752 505 2792 nisi
537 2751 670 2792 Crassi
701 2753 961 2804 Pompeiique
993 2754 1229 2806 amicitiam,
1273 2767 1375 2805 quae
1412 2767 1485 2805 per
1520 2754 1562 2793 id
1598 2755 1716 2795 modo

146 2813 338 2864 temporis
370 2812 547 2864 spatium
578 2812 836 2852 reconciliata
861 2816 932 2865 est,
965 2827 1045 2864 quo
1072 2813 1238 2854 Crassus
1263 2814 1445 2864 Pompeii
1477 2827 1550 2864 ope
1576 2815 1717 2854 consul

146 2873 273 2913 creari
309 2873 483 2924 studuit,
525 2875 568 2911 at
604 2872 782 2924 ingresso
820 2874 1076 2914 consulatum
1113 2873 1254 2913 Crasso
1296 2874 1435 2913 statim
1474 2874 1590 2913 nihili
1629 2888 1716 2913 rur-

147 2944 216 2974 sus
246 2934 343 2973 erat.
