1976 3190
736 743 968 800 LIBER
1017 743 1127 798 ΙΙΙ.

670 864 1198 916 ARGUMENTUM.

267 1082 414 1127 Tertio
445 1082 560 1125 libro
598 1082 773 1125 initium
811 1081 963 1124 fecisse
995 1079 1249 1123 Sallustium
1288 1077 1514 1121 enarrandi
1546 1093 1571 1120 a
1602 1077 1724 1120 mari-

148 1155 256 1200 tima
291 1154 349 1200 M.
380 1153 562 1199 Antonii
600 1152 871 1209 expeditione
911 1167 963 1194 ex
1001 1149 1326 1194 Aurelianensis
1367 1149 1601 1207 fragmenti
1639 1150 1724 1192 fine

149 1227 345 1285 sequitur
382 1224 484 1286 (vid.
517 1240 650 1281 supra
681 1240 721 1280 p.
749 1223 845 1281 59),
886 1223 985 1266 dein
1023 1222 1173 1266 statim
1205 1222 1369 1265 bellum
1401 1221 1604 1264 Cretense
1634 1236 1725 1264 suc-

149 1300 326 1345 cessisse
358 1300 694 1343 consentaneum
726 1298 802 1338 est.
858 1295 961 1338 Mox
993 1309 1090 1338 cum
1119 1310 1188 1337 res
1214 1294 1315 1336 anni
1344 1294 1399 1336 74
1426 1293 1616 1336 urbanae
1643 1308 1727 1336 una

150 1387 248 1422 cum
279 1371 472 1415 eiusdem
503 1369 604 1413 anni
643 1367 894 1412 consulibus
926 1365 998 1426 (cf.
1030 1368 1081 1409 fr.
1107 1365 1148 1409 H
1174 1367 1243 1423 98,
1268 1364 1329 1424 D)
1369 1369 1727 1409 commemoratae

150 1460 242 1490 esse
274 1445 492 1500 nequeam:
522 1440 680 1500 (neque
713 1440 827 1483 enim
859 1439 1001 1496 spatio
1031 1439 1159 1482 unius
1186 1439 1281 1482 folii
1307 1439 1421 1481 inter
1451 1438 1502 1481 fr.
1527 1437 1569 1480 Π
1595 1438 1650 1481 98
1685 1440 1729 1480 et

148 1516 213 1562 ΠΙ
237 1518 265 1561 5
301 1515 469 1572 reliquo
502 1529 573 1557 eas
605 1503 816 1556 contineri
855 1510 1141 1570 crediderim),
1180 1511 1296 1554 bello
1335 1510 1518 1567 piratico
1558 1509 1728 1555 easdem

150 1588 356 1634 continuo
388 1586 643 1631 successisse
674 1599 848 1628 necesse
880 1587 962 1641 est3
995 1583 1155 1640 quibus
1187 1584 1374 1626 adnexas
1407 1597 1499 1625 esse
1524 1597 1593 1624 res
1619 1584 1728 1637 puto

151 1661 268 1705 bello
293 1658 589 1704 Mithridatico
622 1673 734 1700 anno
762 1659 818 1700 74
849 1657 1080 1712 hiemeque
1109 1658 1164 1700 73
1190 1658 1353 1714 gestas3
1384 1669 1571 1711 namque
1598 1654 1729 1696 etiam

151 1733 269 1791 apud
298 1731 581 1776 Plutarchum
612 1730 712 1773 Luc.
745 1745 780 1773 c.
808 1731 831 1773 7
872 1732 1104 1785 utrumque
1143 1732 1234 1772 arte
1273 1728 1492 1784 cohaeret,
1533 1727 1579 1769 in
1616 1729 1729 1769 utra-

152 1821 236 1863 que
272 1819 373 1848 vero
405 1818 451 1848 re
482 1802 715 1860 praecipue
757 1802 808 1844 de
848 1801 998 1844 eodem
1028 1800 1216 1857 homine,
1253 1800 1300 1843 L.
1332 1799 1526 1855 Lucullo,
1567 1798 1730 1856 agitur3

151 1878 298 1935 itaque
339 1876 447 1920 haec
482 1876 657 1919 seeundo
695 1875 827 1929 capite
865 1873 1074 1930 congessi.
1142 1872 1226 1916 Sed
1263 1873 1393 1915 finem
1432 1871 1583 1915 fecisse
1626 1871 1730 1914 libri

152 1949 308 2007 opinor
326 1951 372 1992 et
393 1947 560 1991 exitum
585 1946 690 1989 belh·
711 1945 946 1990 Sertoriani
973 1949 1017 1989 et
1041 1946 1256 1989 tumultus
1276 1944 1569 2003 gladiatorios,
1598 1958 1731 2000 quon-

153 2022 239 2065 iam
276 2023 321 2064 et
356 2020 466 2063 illud
502 2019 667 2062 bellum
704 2019 758 2061 ad
795 2018 940 2074 ipsum
983 2033 1143 2061 annum
1183 2020 1205 2061 7
1211 2019 1238 2061 2
1277 2016 1465 2060 decurrit
1504 2018 1547 2059 et
1584 2015 1731 2074 fugiti-

152 2108 306 2141 ,vorum
331 2106 502 2149 quoque
528 2106 596 2134 res
622 2105 735 2133 anno
763 2092 818 2134 72
844 2105 980 2147 usque
1007 2091 1060 2133 ad
1078 2090 1135 2133 M.
1159 2089 1302 2133 Crassi
1328 2088 1561 2145 imperium
1586 2090 1733 2146 gestas

153 2166 237 2210 hoc
274 2164 388 2208 libro
427 2163 638 2207 contineri
677 2162 878 2205 docemur
915 2163 965 2206 fr.
995 2163 1097 2219 1083
1136 2163 1417 2205 subsecutum
1455 2163 1600 2203 autem
1639 2175 1732 2203 esse

155 2237 319 2282 bellum
351 2235 624 2293 Spartacium
653 2234 831 2278 Sertorii
864 2234 994 2277 morti
1027 2249 1079 2277 ex
1113 2233 1273 2291 ordine,
1306 2248 1390 2290 quo
1423 2232 1538 2289 apud
1569 2231 1734 2289 Appia-

155 2326 261 2354 num
292 2324 343 2353 ea
373 2308 631 2363 referuntur,
663 2307 915 2350 concludere
940 2306 1053 2349 licet.
1097 2305 1240 2348 Medio
1267 2305 1403 2362 igitur
1427 2305 1542 2348 libro
1568 2308 1734 2349 restant

155 2381 372 2439 imprimis
398 2395 459 2437 ea,
485 2394 594 2436 quae
620 2381 770 2421 contra
794 2377 1093 2420 Mithridatem
1119 2391 1230 2419 anno
1259 2378 1314 2420 73
1340 2379 1466 2434 gesta
1490 2379 1605 2435 sunt,
1636 2377 1734 2420 dein

156 2454 346 2499 minores
383 2451 593 2510 quaedam
631 2466 718 2506 res,
758 2465 867 2506 quae
909 2464 961 2492 ex
999 2448 1123 2492 annis
1162 2450 1219 2492 74
1257 2452 1300 2491 et
1339 2450 1394 2493 73
1432 2449 1733 2492 memorandae

157 2527 291 2584 erant,
314 2524 639 2581 Hispanienses,
665 2522 977 2580 Macedonicae,
1002 2521 1322 2577 Thracicaeque
1342 2523 1386 2563 et
1409 2521 1610 2576 urbanae,
1644 2521 1734 2576 qui-

156 2598 240 2642 bus
280 2597 327 2640 in
367 2596 616 2640 enarrandis
657 2594 868 2651 temporis
908 2593 1094 2637 maxime
1137 2593 1331 2636 ordinem
1369 2593 1489 2649 sequi
1529 2596 1734 2649 praestat.

156 2671 297 2723 Quare
328 2669 518 2726 primum
549 2669 698 2723 capitis
730 2667 840 2710 tertii
871 2666 1043 2710 obtinet
1070 2667 1214 2709 locum
1240 2665 1404 2708 bellum
1429 2665 1736 2721 Hispaniense3

157 2743 242 2786 hoc
264 2756 379 2798 vero,
410 2756 507 2784 cum
532 2740 792 2783 Plutarchus
818 2738 926 2782 sert.
953 2754 986 2782 c.
1013 2740 1070 2782 24
1097 2741 1140 2781 et
1166 2738 1223 2782 25
1255 2738 1384 2793 plane
1411 2737 1604 2780 omiserit
1630 2737 1737 2781 duos

157 2815 239 2858 hos
276 2828 412 2858 annos
443 2828 492 2856 ac
523 2812 672 2855 statim
711 2811 762 2854 de
797 2826 909 2855 anno
942 2812 999 2855 72
1036 2812 1207 2868 referat,
1239 2810 1388 2852 eodem
1421 2824 1587 2852 conexu
1619 2810 1736 2866 apud

159 2885 413 2931 Sallustium
446 2884 641 2928 extitisse
675 2883 763 2926 veri
791 2883 931 2927 simile
963 2886 1046 2940 est3
1078 2886 1171 2926 tum
1204 2898 1256 2925 ex
1289 2897 1400 2924 anno
1435 2883 1490 2925 73
1523 2881 1645 2938 prius
1678 2882 1737 2924 di-

160 2957 318 3003 cendae
344 2960 467 3001 erant
492 2972 560 3001 res
580 2956 696 3000 domi
723 2959 860 3014 actae3
892 2956 991 3000 dein
1012 2955 1212 3001 Curionis
1237 2954 1424 2997 reditum
1450 2953 1736 3011 habitumque
