1976 3190
242 34 293 43 ...V

225 45 234 51 ,ι
249 46 271 60 ‘0'

430 169 439 179 .
734 149 963 196 Fragmenta
987 153 1163 186 93—102.
1679 148 1737 189 43

345 256 458 312 neque
479 259 531 295 ad
555 256 677 294 onere.
702 259 716 304 fl
737 255 952 312 paululum]
977 256 1133 311 paulum
1153 257 1312 312 Nonius,
1339 256 1462 294 Kritz.
1488 278 1535 284 -
1561 256 1673 292 simul
1699 258 1738 292 et

350 305 468 342 mmio
493 316 714 352 progressae
739 306 839 341 mter
864 316 950 340 cum
975 315 1074 340 eicco
1100 305 1259 341 Nomas.

15 276 36 305 ’
64 248 329 354 ee

137 362 226 391 ξω·

284 389 400 437 99*.
480 390 600 435 Cum
649 389 911 455 Sertorius
959 404 1123 447 neque
1173 405 1438 447 erumpere
1488 393 1591 434 tam
1638 388 1741 433 levi

61 473 64 480 ·
94 459 99 462 ’
166 461 317 520 copia
346 461 568 506 navibus
593 497 602 506 .
623 498 631 507 .

284 555 391 603 App.
442 557 530 603 (Inc.
551 559 597 592 35
610 556 655 602 D,
682 556 760 602 lK,
786 556 803 591 Ι
824 560 891 592 112
907 555 949 602 G,
976 556 993 591 I
1017 568 1052 602 p.
1074 559 1144 591 444
1157 555 1232 601 Br.)
1266 577 1309 582 -
1343 556 1444 592 Serv.
1475 556 1603 601 (schol.
1631 557 1740 602 Dan.)

165 603 221 642 ad
236 603 330 641 Aen.
350 604 386 640 Π
405 607 484 641 564.
505 606 516 651 ΙΙ
536 604 629 640 Cum
648 603 850 652 Sertorius]
871 615 953 640 com
973 603 1158 640 Sertorios
1186 604 1222 639 Ο.
1245 625 1289 630 -
1310 615 1502 650 erumpere
1522 605 1618 652 tam]
1643 617 1742 639 rum-

254 653 273 688 t
291 663 342 688 an
362 651 401 698 C,
426 653 638 699 erumperet
656 653 737 688 tam
756 652 965 696 Putschius,
991 662 1184 697 erumpere
1205 652 1327 695 Kritz,
1352 651 1526 696 nequiret
1548 663 1742 698 erumpere

168 701 171 705 ’
205 728 214 736 .
240 699 370 737 somn.
410 721 455 727 —
493 699 603 746 copia
632 699 810 747 navibus]
843 699 991 745 copiam
1023 699 1157 735 avibus
1191 699 1236 743 0,
1267 710 1357 735 corr.
1389 699 1542 745 Putsch,
1578 699 1740 735 navibus

165 747 332 785 dativum
364 748 460 794 (scil.
485 759 522 784 se
552 749 743 794 commisit)
774 749 954 784 intelleaeit
983 747 1028 783 F.
1055 746 1194 791 Scholl,
1230 748 1292 783 sed
1323 746 1485 782 navibus
1522 749 1740 784 instrumen-

164 796 284 841 talem,
308 795 410 832 levia
434 795 546 842 copia
570 796 777 832 absolutum
801 796 865 842 qui
889 797 1028 832 dicitur
1052 796 1255 832 ablativum
1279 805 1352 831 esse
1376 796 1512 831 malim.

285 871 456 913 Comm.
516 872 582 912 Ad
613 872 780 912 Sertorii
815 885 996 925 pugnam
1032 873 1215 913 navalem
1242 872 1470 911 vehementi
1501 874 1740 923 tempestate

165 944 258 972 cum
293 931 428 972 Annio
466 934 623 985 gestam
658 933 886 985 fragmenta
918 934 1117 984 spectant,
1155 932 1204 971 cf.
1236 932 1344 971 Plut.
1371 945 1402 971 c.
1428 934 1470 970 7:
1505 932 1661 988 ζεφύρῳ
1700 929 1741 971 δὲ

166 993 331 1048 λαμπρῷ
361 997 433 1032 τοῦ
463 991 657 1045 πελάγους
683 989 948 1044 ἀνισταμένου
978 990 1057 1032 καὶ
1087 990 1140 1031 τὰ
1171 990 1319 1031 πολλὰ
1350 996 1440 1030 τῶν
1466 991 1741 1044 Σερτωρίου

165 1050 346 1092 πλοίων
381 1049 474 1092 ὑπὸ
511 1051 813 1104 κουφότητος
849 1051 1023 1105 πλάγια
1059 1054 1162 1098 ταῖς
1200 1050 1388 1104 ῥαχίαις
1425 1051 1741 1104 περιβάλλον-

165 1124 244 1159 τος
271 1131 323 1139 -
352 1109 496 1159 αὐτὸς
526 1109 710 1165 ὀλίγαις
740 1110 883 1151 ναυσὶ
914 1117 997 1163 τῆς
1028 1108 1112 1164 μὲν
1142 1110 1390 1162 θαλάσσης
1421 1109 1512 1150 ὑπὸ
1537 1116 1620 1151 τοῦ
1646 1125 1741 1164 χει-

166 1174 323 1224 μῶνος
353 1169 654 1224 εἰργόμενος,
684 1176 755 1222 τῆς
787 1168 829 1210 δὲ
853 1176 927 1224 γῆς
957 1169 1036 1210 ὑπὸ
1067 1176 1147 1210 τῶν
1177 1170 1377 1223 πολεμίων
1402 1173 1480 1210 κτλ.
1506 1192 1555 1198 -
1578 1171 1634 1210 Et
1657 1185 1742 1210 rem

164 1229 299 1283 priore
323 1231 403 1271 loci
425 1230 548 1270 huius
573 1232 687 1282 parte
714 1232 920 1270 narratam
945 1231 1142 1270 illustrari
1167 1231 1214 1269 fr.
1237 1232 1292 1270 98
1319 1232 1500 1282 apparet,
1533 1230 1584 1269 ad
1608 1233 1740 1281 poste-

163 1289 312 1331 riorem
342 1290 520 1330 eiusdem
550 1291 679 1330 refero
711 1291 758 1330 fr.
788 1293 861 1343 993
903 1292 1040 1341 aperte
1072 1290 1178 1330 enim
1206 1292 1254 1329 ut
1286 1290 1348 1328 illi
1378 1302 1501 1339 neque
1530 1291 1743 1341 respondet

87 1351 89 1354 ’
163 1349 340 1394 alterum
363 1362 496 1404 neque,
527 1350 588 1390 ita
611 1350 779 1391 vocibus
808 1351 978 1390 navibus
1010 1362 1209 1400 erwmpere
1238 1350 1476 1400 respondere
1508 1350 1670 1390 videtur
1698 1352 1743 1389 in

165 1411 312 1469 terram
341 1411 560 1462 escendere,
590 1411 810 1462 utrumque
843 1411 980 1450 autem
1011 1411 1098 1451 loco
1130 1410 1372 1450 Plutarcheo
1405 1409 1481 1448 sibi
1511 1411 1739 1461 respondet.

283 1510 435 1570 ssot).
496 1513 628 1565 Quas
668 1514 791 1557 duas
829 1514 1027 1557 insulas
1064 1513 1387 1570 propinquas
1408 1513 1564 1557 ·inter
1601 1529 1653 1557 se
1691 1516 1741 1557 et

162 1584 333 1630 decom
349 1584 552 1643 <milia>
571 1585 792 1629 stadium
812 1601 837 1628 a
857 1585 1085 1629 Gadibus
1105 1585 1234 1628 sitas
1254 1585 1530 1628 constabat
1550 1589 1736 1642 suopte

163 1655 376 1719 ingenio
406 1656 654 1720 alimenta
684 1657 997 1701 mortalibus
1028 1656 1256 1715 gignere.

281 1750 318 1788 A
349 1762 391 1806 p:
411 1764 422 1776 ⁶
441 1751 472 1806 (I
490 1755 534 1788 61
548 1751 594 1798 D,
618 1751 664 1797 K,
690 1754 735 1787 82
745 1750 793 1806 Gr,
819 1751 836 1786 I
859 1755 988 1806 1³:44⁶
1001 1751 1077 1797 ΒΥ.)
1109 1772 1155 1777 -
1185 1750 1332 1786 Nonius
1357 1751 1410 1787 IX
1434 1763 1469 1797 p.
1490 1755 1571 1787 495.
1593 1773 1638 1778 --
1660 1751 1740 1806 Sal-

160 1798 301 1843 iustius
400 1828 408 1836 .
427 1798 495 1836 hb.
514 1799 567 1835 XI
585 1800 701 1844 codd„
726 1799 825 1835 hbro
850 1811 971 1845 primo
996 1801 1105 1846 vulyo
1123 1800 1204 1836 iwre
1222 1800 1447 1846 assiynatuff.
1466 1800 1479 1846 ΙΙ
1497 1801 1609 1847 quas]
1635 1811 1740 1835 culus

164 1849 280 1894 codd„
304 1858 400 1894 quas
424 1858 516 1885 corr.
536 1847 646 1884 Roth.
668 1869 712 1874 —-
731 1847 856 1895 milia]
882 1849 966 1884 add,
989 1848 1110 1884 Kritz.
1133 1869 1177 1873 —
1198 1846 1382 1895 stadium]
1407 1851 1475 1884 om.
1498 1848 1542 1885 G.
1564 1870 1610 1874 —
1630 1847 1741 1896 sitas]

165 1894 260 1948 satis
284 1895 402 1941 codd„
425 1906 518 1933 corr.
546 1895 688 1932 Carrio.

284 1971 452 2013 Oomm.
514 1972 634 2013 Falso
670 1973 746 2013 hoc
782 1973 1056 2025 fragmentum
1087 1985 1180 2012 cum
1211 1973 1338 2012 altero
1371 1973 1548 2024 quodam
1578 1974 1626 2012 fr.
1656 1975 1739 2013 102

164 2034 251 2072 arte
282 2031 535 2080 coniunxisse
559 2032 760 2071 Kritzium
790 2032 918 2083 ipsius
950 2032 1159 2072 Plutarchi
1190 2033 1432 2084 excerptoris
1464 2033 1601 2072 ordine
1633 2033 1740 2072 evin-

163 2092 281 2133 citur.
329 2093 512 2133 Eandem
542 2092 592 2132 ob
618 2105 783 2132 causam
801 2092 940 2132 Rothii
965 2092 1187 2143 approbare
1219 2092 1492 2133 coniecturam
1523 2107 1603 2133 non
1628 2093 1739 2132 dubi-

165 2151 262 2205 tavi,
292 2152 342 2192 cf.
367 2152 476 2192 Plut.
500 2153 552 2192 αἳ
581 2151 666 2192 δύο
698 2150 770 2205 μέν
801 2151 901 2192 εἰσιν
925 2154 1004 2192 κτλ.

285 2241 430 2288 101*.
492 2243 625 2287 Serv.
666 2243 727 2287 ad
761 2242 881 2287 Aen.
918 2243 961 2287 V
999 2245 1105 2288 735:
1150 2244 1411 2288 ‘Secundum
1453 2245 1741 2306 philosophos

111 2303 114 2311 ’
163 2315 350 2374 elysium
381 2317 448 2359 est
477 2315 643 2359 insulae
673 2316 932 2374 fortunatae,
968 2330 1075 2372 quas
1105 2317 1167 2360 ait
1198 2317 1430 2361 Sallustius
1459 2318 1627 2361 inclitas
1658 2332 1742 2362 esse

165 2389 343 2455 Homeri
371 2388 655 2432 carminibus?

282 2482 390 2530 App.
441 2482 472 2529 (I
490 2486 536 2518 62
550 2481 595 2528 D,
621 2482 667 2528 K,
692 2486 737 2518 83
753 2481 796 2528 G,
820 2482 838 2517 I
861 2494 898 2528 p.
918 2486 989 2519 447
1003 2483 1077 2530 Br.)

284 2565 395 2614 102.
461 2567 706 2611 Traditur
754 2568 926 2626 fugam
969 2568 1021 2611 in
1065 2567 1253 2612 Oceani
1305 2570 1592 2628 longinqua
1634 2569 1739 2627 agi-

162 2638 368 2683 tavisse.

281 2733 389 2781 App.
439 2733 471 2780 (1
489 2737 534 2770 61
548 2734 592 2780 D,
612 2734 657 2779 K,
678 2737 721 2770 81
738 2733 781 2780 G,
804 2734 821 2770 I
838 2736 965 2780 12:446
979 2735 1055 2781 Br.)
1082 2757 1126 2763 —
1153 2736 1253 2772 Serv.
1276 2736 1404 2782 (schol.
1425 2736 1534 2781 Dan.)
1555 2736 1606 2771 ad
1623 2735 1734 2783 Verg.

162 2780 255 2818 Aen.
274 2781 293 2817 1
305 2784 386 2818 640.
400 2803 449 2808 —-
462 2781 584 2818 Schol.
606 2782 656 2817 ad
675 2782 786 2828 Verg.
807 2781 939 2829 Georg.
957 2783 992 2818 H
1006 2787 1074 2819 197
1096 2785 1163 2830 (ed.
1184 2785 1356 2831 Wayner,
1376 2785 1418 2820 de
1438 2784 1574 2820 Phizar
1597 2785 1679 2831 yrio
1692 2785 1741 2820 II

157 2839 198 2876 p.
217 2830 302 2875 28):
329 2829 388 2865 ‘ut
413 2829 516 2876 apud
542 2829 764 2865 Sallustium
787 2829 829 2866 in
851 2830 1000 2877 prima.’
1023 2853 1068 2858 —
1089 2832 1182 2869 Rem
1205 2836 1360 2868 testatwr
1386 2831 1508 2867 Schol.
1535 2843 1558 2867 a
1603 2831 1734 2868 Horat.

163 2875 272 2931 epod.
291 2876 379 2914 XVI
397 2881 460 2914 42:
490 2877 688 2922 ‘Oceanus‚
715 2877 755 2913 in
780 2889 854 2924 quo
874 2880 962 2914 sunt
980 2879 1128 2915 insulae
1153 2879 1381 2925 fortunatae,
1408 2879 1459 2915 ad
1481 2891 1575 2925 quas
1595 2879 1670 2917 Sal.
1696 2879 1737 2916 in

163 2922 326 2961 historia
349 2924 445 2962 dicit
469 2925 612 2962 victum
636 2925 802 2963 voluisse
825 2926 881 2963 ire
907 2927 1140 2964 Sertorium.’
