1976 3190
251 154 336 195 136
728 152 883 188 Sallusti
907 152 1158 189 Historiarum
1181 152 1246 189 lib.
1266 152 1328 188 ΠΙ.

309 261 484 303 Isidor.
519 259 620 302 XIII
660 261 733 315 16,
759 262 807 302 4:
858 260 992 315 ‘quod
1065 261 1178 316 quod
1198 263 1241 302 et
1266 258 1499 302 concrescit
1525 250 1598 301 aer
1619 273 1672 301 ex
1689 273 1807 305 umo-

250 347 365 374 mare
396 346 445 373 ex
475 331 736 373 multitudiue
771 331 993 384 fluminum
1064 347 1159 374 rum
1187 329 1418 386 spiramine
1450 343 1577 384 saepe
1607 329 1808 374 densatus

176 403 232 445 65
252 403 427 453 dulcius,
468 416 594 455 quam
630 405 758 443 cetera
794 399 872 458 (fr.
905 400 992 459 65),
1065 405 1108 444 et
1141 402 1387 445 irruentium
1416 402 1626 443 undam-mn
1649 401 1808 456 maant-
1941 387 1962 460 ξέ

250 473 561 526 nebulosumque
591 476 630 514 et
658 473 816 515 brevius
846 472 929 516 est?
1065 475 1204 516 tudine
1234 472 1524 527 temperatur?

369 542 539 585 Amm:
576 543 648 585 ‘Et
679 545 847 585 constat
877 543 932 585 ab
965 544 1129 587 ultimis
1159 543 1297 586 nostri
1326 543 1487 585 finibus
1517 542 1647 586 maris
1677 541 1809 600 agmi-

251 614 387 656 natim
418 615 470 655 ad
497 615 848 657 huncsecessum
874 615 1067 669 pariendi
1092 615 1231 672 gratia
1256 617 1402 670 petere
1428 613 1579 669 pisces,
1609 615 1658 656 ut
1682 627 1808 669 aqua·

252 701 348 728 rum
379 685 589 728 suavitate
621 685 835 728 salubrius
866 686 979 727 fetus
1011 686 1192 728 educant
1218 686 1262 727 in
1288 683 1569 739 receptaculis
1594 683 1808 727 cavis
1944 730 1949 734 μ

253 757 390 799 securi
430 756 646 799 voracium
687 756 928 798 beluarum:
970 756 1080 798 nihil
1118 757 1231 798 enim
1268 756 1314 798 in
1349 755 1490 797 Ponto
1530 754 1658 797 huius
1693 755 1809 798 modi
1945 758 1973 811 'Jf

254 828 481 883 aliquando
527 831 591 870 est
611 809 778 869 ‘visum
827 830 997 882 praeter
1127 827 1260 870 Isid.:
1304 828 1448 882 ‘atque
1462 827 1633 881 praeter
1650 825 1812 881 phocas

254 899 452 942 innoxios
485 898 709 954 delphinas
742 901 784 940 et
811 899 998 953 paucos?
1072 901 1115 940 et
1125 898 1314 954 thynnos
1328 900 1456 952 atque
1471 897 1697 952 delphinos
1707 897 1812 941 alias

1069 969 1219 1011 beluas
1264 969 1447 1011 maiores
1488 983 1576 1011 11011
1618 967 1810 1024 patitui-,⁹

372 1040 516 1083 Pisces
546 1054 646 1082 vero
679 1038 863 1096 (Iuven.
889 1039 950 1081 IV
974 1037 1051 1095 42)

432 1111 563 1161 ‘Quos
595 1110 735 1166 operit
766 1110 925 1167 glacies
955 1110 1165 1152 Maeotica
1194 1113 1407 1166 ruptaque
1437 1110 1609 1153 tandem

180 1182 236 1224 66
434 1181 607 1224 Solibus
639 1181 819 1223 effundit
850 1181 1054 1223 torrentis
1085 1181 1137 1223 ad
1169 1181 1279 1223 ostia
1309 1181 1437 1224 Ponti
1469 1180 1544 1238 (fr.
1571 1180 1660 1240 66),

432 1252 606 1295 Desidia
637 1253 782 1295 tardos
814 1255 856 1294 et
887 1252 1017 1308 longo
1049 1251 1210 1308 frigore
1241 1252 1451 1309 pingues.’

314 1323 467 1366 Amm.
496 1323 571 1366 48:
604 1322 831 1378 ‘Quicquid
856 1324 1000 1365 autem

257 1395 445 1437 eiusdem
471 1394 636 1449 pontici
663 1394 780 1436 sinus
802 1393 1000 1449 aquilone

257 1466 447 1508 caeditur
466 1468 508 1507 et
527 1465 706 1521 pruinis,
725 1464 786 1507 ita
799 1464 1001 1520 perstrin-

258 1537 375 1594 gitur
424 1537 541 1593 gelu,
575 1539 639 1578 ‘ut
686 1550 764 1578 nec
814 1535 1002 1577 amnium

258 1623 405 1650 cursus
459 1607 721 1649 subtervolvi
778 1607 1003 1648 credantur

257 1694 334 1721 nec
354 1694 431 1734 per
453 1678 631 1720 infidum
651 1682 693 1720 et
712 1678 842 1720 labile
863 1678 1001 1720 solum

258 1765 429 1807 gressus
490 1749 675 1791 hominis
735 1750 874 1804 possit
934 1749 1002 1791 vel

259 1821 438 1863 iumenti
470 1820 641 1862 firmari.

318 2174 464 2216 Mela:
515 2173 645 2216 ‘Olim
694 2188 743 2216 ex
792 2174 1005 2216 colentium

260 2259 378 2288 saevo
398 2245 625 2286 admodum
644 2246 807 2299 iuyeuio
822 2246 1005 2297 Axewus,

186 2318 239 2359 67
262 2318 361 2371 post
399 2316 652 2358 commercio
691 2316 869 2358 aliarum
906 2331 1005 2373 gen-

261 2387 371 2429 tium
390 2386 569 2428 mollitis
588 2386 856 2442 aliquantum
882 2386 1007 2428 mori-

262 2458 344 2500 bus
376 2457 515 2499 dictus
545 2457 769 2499 Euxinus.’

1073 1322 1253 1365 Valer.:
1297 1322 1514 1365 ‘flumineo
1551 1323 1612 1365 sic
1642 1323 1813 1381 agmine

1191 1393 1322 1450 fregit
1353 1394 1485 1436 amari

1074 1463 1174 1506 Vim
1207 1464 1307 1506 salis
1341 1464 1441 1507 hinc
1471 1464 1632 1508 Boreae
1664 1466 1818 1510 cedens-

1192 1535 1479 1591 glaciantibus
1509 1536 1623 1579 auris

1073 1606 1237 1648 Pontus
1278 1609 1321 1648 et
1361 1609 1509 1649 exorta
1547 1607 1702 1651 facilis
1722 1623 1816 1652 con-

1191 1692 1376 1720 crescere
1407 1678 1572 1723 bruma.

1074 1748 1218 1803 thue
1243 1749 1310 1790 vel
1330 1748 1530 1792 immotos
1555 1765 1678 1793 ursae
1698 1751 1818 1808 rigor

1191 1819 1353 1861 invenit
1384 1834 1530 1863 amnes

1073 1889 1154 1932 Vel
1185 1891 1295 1932 freta
1324 1880 1446 1932 versa
1469 1891 1600 1947 vadis,
1631 1892 1815 1936 hiemem

1192 1961 1253 2003 sic
1284 1961 1396 2003 unda
1428 1976 1506 2016 per
1536 1977 1706 2006 omnem

1073 2031 1163 2074 Aut
1200 2047 1351 2087 campo
1389 2032 1499 2075 iacet
1539 2035 1613 2076 aut
1651 2034 1816 2077 tumido

1191 2102 1304 2159 riget
1335 2102 1467 2145 ardua
1497 2103 1658 2147 fluctu?

1135 2173 1293 2216 Amm.
1333 2175 1409 2217 33:
1472 2173 1668 2218 ‘immani
1721 2175 1819 2218 diri-

1076 2247 1165 2286 tate
1190 2244 1405 2287 terribiles
1505 2246 1689 2290 indidere
1709 2248 1821 2289 mari

1077 2309 1224 2358 nomeu
1253 2316 1508 2370 inhospitali’
1541 2316 1616 2374 (fr.
1642 2315 1731 2375 67).

379 2527 514 2570 Primi
539 2531 682 2569 autem
703 2527 971 2584 Graecorum,
997 2528 1070 2584 qui
1096 2528 1141 2569 in
1165 2528 1352 2570 Pontum
1378 2527 1534 2570 invecti
1560 2530 1672 2585 sunt,
1695 2527 1821 2571 Ia'so'n

266 2741 393 2783 Ponti
424 2742 587 2784 eoeordio
624 2741 677 2783 ad
707 2743 874 2796 partem
906 2740 1008 2783 sciis

267 2812 443 2854 orientis
475 2812 650 2854 adver&
681 2811 884 2854 Thraciae
911 2846 918 2852 .
941 2845 947 2852 .
969 2846 976 2853 .
999 2846 1006 2853 .

265 2886 360 2925 ante
377 2883 570 2938 Bebrycia
588 2884 707 2935 dicta,
726 2884 870 2926 deiude
885 2882 1009 2937 Myy-

99 2600 168 2655 68,
188 2600 242 2641 69
265 2597 340 2656 (fr.
367 2597 443 2656 68)
475 2598 836 2655 Argonautaeque
868 2602 995 2654 atque
1026 2598 1216 2641 Achilles
1249 2597 1322 2655 (fr.
1349 2597 1425 2656 69)
1458 2601 1590 2641 erant.

324 2669 476 2732 Sol'in.
510 2671 585 2726 42,
614 2672 654 2712 1:
700 2670 919 2724 ‘Bithynia
963 2671 1010 2712 iu

1139 2669 1290 2712 Amm.
1322 2671 1393 2712 14:
1434 2669 1656 2712 ‘Dextram
1687 2669 1822 2727 igitur

1080 2740 1353 2783 inflexionem
1370 2739 1554 2796 Bospori
1569 2739 1740 2782 Thracii
1757 2755 1822 2784 ex-

1079 2812 1180 2866 cipit
1207 2811 1432 2867 Bithyniae
1462 2811 1570 2855 litus.
1605 2825 1730 2865 quwm
1759 2826 1822 2854 ve-

1081 2887 1180 2925 teres
1202 2883 1339 2926 dixere
1358 2880 1713 2938 Myqdouiwm,·in
1738 2897 1822 2938 qua
