1916 3178
861 155 1149 196 —30-

230 258 301 302 καὶ
328 260 550 302 διδάσκων
577 261 826 315 Σερτώριος
850 258 931 302 οὐκ
962 262 1109 302 ἔπειθε
1137 273 1232 301 cum
1257 259 1393 314 Exup.
1419 274 1458 313 p.
1483 259 1525 314 4,
1543 259 1588 302 5:
1620 258 1787 315 ‘param

228 330 489 372 validissimo
534 330 721 371 exercitu
764 345 1006 386 processere
1050 333 1092 371 el:
1135 332 1304 371 vetante
1342 328 1530 371 Sertorio
1572 329 1785 386 colloquia

229 401 422 442 consules
465 400 749 455 permiserunt
786 400 897 442 inter
934 416 1030 442 eum
1067 404 1110 442 ei:
1147 400 1287 443 Sullae
1325 400 1557 442 exercitum
1592 403 1637 443 et
1671 401 1787 444 faeta

228 471 413 526 proditio
460 474 524 512 est
565 471 787 526 omnisque
828 471 1037 513 exercitus
1078 471 1218 514 Sullae
1262 470 1465 513 traditur’
1511 474 1556 514 et
1594 470 1693 515 Sall„
1733 472 1784 519 ἓν.

228 541 257 583 Ι.
290 543 365 584 57:
413 541 564 584 ‘Cuius
603 542 777 584 adversa
819 543 1038 584 voluntate
1075 542 1287 598 colloquio
1330 542 1540 598 milifnibus
1575 542 1783 598 permisso

229 612 445 667 corruptio
492 614 604 655 facta
649 628 880 668 paucorum
930 616 973 655 et
1020 614 1227 656 exercilus
1271 613 1411 655 Sullae
1455 612 1638 656 traditus
1680 613 1785 670 est'5

228 685 321 724 tum
351 683 463 725 Plut.
490 699 523 726 c.
550 685 594 726 6:
631 685 900 740 παραλαβὼν
938 683 986 726 δὲ
1025 686 1135 740 ἔθνη
1171 686 1281 741 πρὸς
1311 684 1420 739 ὅλην
1450 691 1592 735 κακῶς
1621 685 1784 728 διακεί-

227 770 337 809 μενα
373 751 455 810 τὴν
496 755 758 810 ἡγεμονίαν,
800 755 1103 810 ἀνελάμβανεν
1146 756 1295 814 ὁμιλία
1340 771 1385 798 τε
1428 757 1532 806 τοὺς
1568 756 1786 806 δυνατοὺς

226 824 299 867 καὶ
333 828 487 882 φόρων
522 825 668 868 ἀνέσει
702 828 804 876 τοὺς
831 827 1022 877 πολλούς
1060 841 1156 868 cum
1186 826 1323 882 Exup.
1355 842 1394 881 p.
1420 826 1461 881 5,
1485 826 1531 868 5:
1568 825 1673 869 ‘Sed
1709 826 1785 869 ubi

227 896 271 937 in
307 896 568 951 provinciam
611 896 745 952 venih⁷
790 896 850 938 ita
888 899 1057 938 sbrenue
1103 897 1314 939 sociorum
1352 897 1517 939 animos
1557 896 1643 939 iam
1685 897 1782 939 defi—

225 967 383 1009 ciensses
409 970 535 1022 atque
561 967 644 1008 alia
669 967 887 1022 cupientes
914 967 958 1009 in
978 968 1166 1010 favorem
1190 968 1377 1023 partium
1397 982 1569 1010 suarum
1593 967 1783 1011 modeste

224 1038 380 1079 tuendo
418 1041 545 1093 atque
583 1038 836 1080 blandiendo
868 1039 1077 1094 perduxit,
1109 1042 1156 1080 ut
1195 1042 1238 1080 et
1269 1054 1391 1081 carus
1422 1042 1534 1081 esset
1565 1042 1608 1082 et
1638 1042 1783 1082 tamen

223 1109 277 1150 ab
309 1108 506 1150 omnibus
543 1108 785 1150 ssimeretur'
820 1112 862 1150 et
887 1108 985 1151 Sall.
1012 1110 1061 1151 fr.
1094 1109 1172 1151 inc.
1208 1111 1280 1152 79:
1319 1109 1508 1152 ‘Modico
1538 1125 1707 1166 quoque
1738 1113 1783 1152 et

224 1179 409 1235 eleganti
435 1179 612 1234 imperio
638 1194 836 1235 percarus
868 1180 990 1236 fuiiz'3
1025 1180 1174 1222 deinde
1199 1180 1311 1222 Pluss.
1331 1195 1364 1223 c.
1391 1182 1435 1223 7:
1467 1183 1782 1239 Καλπουρνίου

223 1248 271 1292 δὲ
303 1252 421 1301 τινὸς
450 1250 679 1306 ἐπίκλησιν
704 1253 933 1307 Λαναρίου
961 1253 1344 1307 δολοφονήσαντος
1367 1253 1445 1295 τὸν
1471 1250 1659 1295 Ἰούλιον
1684 1265 1781 1294 cum

225 1321 322 1364 Sall.
350 1322 399 1363 fr.
411 1320 462 1378 ¹):
496 1321 730 1364 ‘Salinator
760 1322 805 1363 in
836 1322 1278 1378 agmine'occidi'cur',
1308 1337 1407 1364 mox
1438 1323 1614 1366 ibidem:
1650 1321 1782 1374 αὐτὸς

226 1393 394 1447 ὀλίγαις
424 1391 555 1435 ναυσὶ
586 1399 661 1448 τῆς
690 1390 771 1448 μὲν
802 1394 1028 1449 θαλάσσης
1057 1390 1142 1436 ὑπὸ
1173 1401 1253 1436 τοῦ
1277 1401 1489 1450 χειμῶνος
1512 1396 1781 1451 εἰργόμενος,

225 1470 300 1518 τῆς
326 1461 375 1506 δὲ
400 1470 478 1518 γῆς
502 1462 588 1505 ὑπὸ
614 1471 702 1506 τῶν
734 1467 956 1520 πολεμίων
987 1479 1083 1506 cum
1114 1465 1163 1506 fr.
1196 1464 1274 1506 inc.
1302 1466 1376 1508 35:
1407 1464 1536 1507 ‘Cum
1567 1464 1780 1508 Sertorius

219 1548 355 1590 neque
394 1549 613 1590 erumpere
651 1537 740 1576 tam
776 1535 858 1577 levi
897 1535 1018 1590 copia
1054 1534 1279 1592 navibus2)
1311 1561 1364 1566 —-
1407 1561 1460 1566 —
1499 1536 1595 1592 —’;
1630 1538 1780 1592 postea

219 1619 318 1647 vero
355 1605 466 1647 Plut.
499 1621 531 1647 c.
560 1608 605 1647 9:
649 1607 788 1662 ἔρωτα
823 1608 1083 1662 θαυμαστὸν
1123 1608 1249 1662 ἔσχεν
1290 1608 1462 1662 οἰκῆσαι
1502 1607 1577 1657 τὰς
1614 1609 1779 1662 νήσους

218 1692 255 1718 κ.
281 1692 315 1718 τ.
335 1680 371 1718 λ.
392 1691 488 1718 cum
507 1676 556 1718 fr.
578 1676 656 1718 inc.
677 1678 751 1719 94:
784 1677 917 1719 eMore
943 1677 1154 1719 humanae
1181 1677 1391 1733 cupidinis
1418 1677 1566 1734 ignara
1584 1677 1777 1734 visendi',

220 1747 369 1788 deinde
394 1747 506 1789 Plut.
533 1763 565 1789 c.
590 1749 661 1790 13:
685 1751 950 1804 προλοχίσας
975 1749 1055 1803 τὴν
1081 1749 1188 1791 ὁδὸν
1214 1748 1546 1808 ἐπανερχομένῳ
1571 1754 1630 1807 τῷ
1653 1746 1778 1792 Ἀκυ-

220 1821 301 1877 ίνςο
333 1821 600 1875 τρισχιλίους
625 1819 789 1874 ἄνδρας
813 1821 860 1861 ἔκ
885 1835 1006 1870 τινος
1032 1822 1216 1862 συσκίου
1241 1820 1462 1877 χαράδρας
1487 1819 1776 1876 ἐπανίστησεν

218 1904 314 1930 cum
360 1890 409 1931 fr.
458 1889 536 1931 inc.
574 1891 650 1932 42:
692 1889 915 1931 ‘Consedit
962 1890 1007 1931 in
1053 1889 1164 1932 vallo
1205 1890 1392 1946 virgulta
1434 1890 1777 1946 nemorosaque',

219 1959 399 2014 denique
444 1960 555 2001 Plut.
596 1975 628 2002 c.
661 1961 736 2002 21:
781 1959 854 2003 καὶ
899 1967 958 2018 τῷ
1006 1963 1252 2016 πανταχόσε
1299 1967 1460 2016 φοιτᾶν
1501 1961 1603 2012 ὀξὺς
1641 1961 1776 2004 ἐπιών

218 2045 314 2071 cum
345 2031 395 2072 fr.
426 2030 466 2072 H
492 2032 566 2073 54:
604 2030 762 2074 ‘Noctu
794 2031 950 2086 diuque
977 2031 1182 2073 sbationes
1208 2034 1250 2073 et
1275 2031 1445 2088 vigilias
1475 2032 1775 2087 temptare’et

218 2101 270 2142 τὰ
304 2099 344 2142 δ’
382 2100 428 2142 ἐκ
462 2102 689 2157 θαλάσσης
722 2105 970 2159 λῃστρικοῖς
1004 2102 1187 2157 σκάφεσι
1222 2102 1415 2158 κατέχων
1441 2103 1524 2158 τὴν
1556 2106 1776 2160 παραλίαν

220 2186 315 2212 cum
346 2172 396 2213 fr.
428 2171 468 2213 Π
493 2171 567 2214 56:
599 2172 674 2213 ‘ad
705 2173 786 2214 hoc
816 2188 949 2228 pauca
980 2173 1170 2228 piratica,
1202 2173 1390 2215 actuaria
1419 2173 1635 2230 navigia.'‘

336 2241 630 2299 Seiungendus
671 2247 736 2285 est
773 2244 925 2299 capitis
963 2246 989 2286 9
1034 2244 1149 2299 finis,
1198 2244 1294 2285 inde
1338 2244 1410 2286 ab:
1432 2264 1435 2271 ¹
1454 2243 1650 2288 ἐνταῦθα
1692 2244 1771 2288 τὸν

214 2310 413 2356 Ἀνταῖον
457 2315 504 2357 οἱ
542 2317 706 2370 Λίβυες
752 2316 1003 2371 ἱστοροῦσιν
1046 2319 1239 2370 κεῖσθαι,
1283 2329 1410 2370 quem
1460 2330 1482 2356 e
1519 2314 1772 2372 Strabone3)

217 2399 308 2425 esse
347 2384 553 2426 insertum
590 2388 688 2440 post
724 2384 965 2442 Niesium⁴)
1002 2385 1239 2428 accuratius
1283 2385 1469 2427 ostendit
1506 2382 1619 2428 Otto.
1664 2376 1773 2435 [Sed

338 2539 371 2583 1)
396 2537 506 2583 Apud
533 2538 730 2573 comment.
755 2536 841 2573 Luc.
861 2537 878 2570 I
897 2541 966 2573 478
993 2537 1187 2582 (Usener.).

335 2598 371 2642 2)
398 2596 509 2631 Cuius
540 2596 742 2641 fragmenti
773 2595 845 2630 etsi
875 2607 950 2631 non
983 2596 1115 2640 verba,
1150 2598 1277 2632 tamen
1312 2596 1536 2632 sententiam
1567 2596 1620 2632 sie
1651 2595 1769 2632 conbi-

216 2655 404 2690 nuandam
430 2666 511 2690 esse
535 2656 642 2700 puto:
678 2655 744 2685 ‘—-
771 2675 814 2681 —
840 2656 984 2700 posset,
1017 2654 1220 2700 impeditus
1251 2656 1476 2700 tempestate
1505 2665 1626 2700 neque
1656 2657 1768 2701 terra,

218 2714 428 2758 prohibitus
455 2714 503 2748 ab
528 2714 726 2750 hostibus?

336 2775 371 2817 3)
398 2773 451 2809 Cf.
477 2773 521 2808 fr.
543 2777 585 2809 72
613 2772 743 2818 (Otto).

337 2835 372 2876 4)
398 2832 491 2868 Mus.
519 2832 636 2868 Rhen.
663 2832 854 2868 XXXVIII
888 2843 924 2877 p.
951 2836 1035 2876 600,
1078 2843 1187 2876 quem
1219 2834 1367 2867 secutus
1400 2833 1457 2867 est:
1492 2831 1610 2876 Vogel
1642 2843 1678 2876 p.
1705 2835 1767 2874 52;

218 2890 306 2925 Otto
331 2902 366 2935 p.
388 2895 467 2926 286.

1806 0 1916 334 ‘l
