1916 3178
857 108 1146 150 -24-

226 213 294 256 ἐπὶ
343 215 603 270 χορτολογίᾳ
648 211 939 270 (pabulatum)
990 212 1129 254 emitti
1179 227 1265 253 non
1312 210 1494 253 soleant:
1547 226 1649 268 ergo
1697 211 1782 255 fuit

226 287 386 327 aestate
418 284 485 325 vel
510 298 607 325 vere
635 284 702 339 76,
733 283 984 326 brevissimo
1017 283 1151 340 igitur
1181 285 1280 324 ante
1312 281 1357 323 in
1382 281 1633 337 Hispaniam
1656 281 1779 326 Pom-

225 355 346 411 peius
389 354 569 397 advenit.
639 353 787 410 Itaque
831 357 991 396 aestate
1036 353 1135 396 anni
1176 355 1227 395 77
1266 353 1403 394 Roma
1445 352 1660 407 profectus
1703 355 1780 410 est,

227 425 375 467 deinde
412 425 457 466 in
489 424 626 466 Gallia
656 424 862 467 hiemavit
899 428 942 467 et
973 439 1070 466 vere
1104 425 1159 467 76
1190 423 1442 478 Hispaniam
1479 423 1697 480 ingressus
1727 424 1781 466 ad

226 497 464 538 Lauronem
495 511 519 536 a
539 495 727 538 Sertorio
759 496 976 538 obsessam
1001 494 1218 550 processit.
1247 520 1299 525 —
1326 494 1386 536 At
1417 494 1572 536 dixerit
1601 494 1782 538 forsitan

227 566 338 622 quis,
379 581 430 607 ex
463 565 643 621 Obsequ.
670 567 726 609 58
769 566 932 608 elucere
972 565 1105 607 Laelii
1146 565 1278 622 legati
1318 564 1479 620 proelio
1518 564 1781 613 Lauronensi

228 639 411 679 mortem
443 637 527 678 iam
559 652 669 678 anno
692 638 744 679 77
773 636 998 678 contineri!
1046 635 1182 678 Immo
1208 651 1307 678 vero
1328 635 1612 691 Obsequentis
1641 650 1782 678 narra—

228 708 343 749 tione
386 707 569 749 Dronkii
618 722 794 762 meaque
839 707 1140 762 comprobatur
1189 707 1316 763 ratio;
1365 721 1547 762 namque
1590 721 1688 749 cum
1729 706 1782 749 ad

230 794 388 820 annum
422 778 699 821 76'adnotet:
740 778 785 819 ‘a
817 777 1004 820 Sertorio
1042 778 1086 819 in
1118 778 1327 833 Hispania
1359 777 1569 819 exercitus
1599 777 1782 820 Romani

230 848 379 905 caesi',
410 849 513 891 haec
545 851 609 891 est
642 849 732 904 ipsa
757 849 890 890 Laelii
923 849 1079 904 clades3
1111 848 1302 891 videmus
1329 851 1471 890 autem
1496 847 1666 890 Livium
1696 847 1789 891 iam.

229 920 273 961 in
298 920 507 976 prodigio,
539 920 651 975 quod
678 919 912 976 egredienti
938 919 1074 961 Roma
1100 919 1303 961 exercitui
1330 919 1524 975 contigit,
1549 918 1782 962 enarrando
1902 937 1916 996 ξ

229 990 384 1033 flebilis
415 990 549 1032 Laelii
575 990 775 1032 interitus
800 990 1060 1031 mentionem
1085 990 1247 1046 fecisse,
1277 993 1426 1045 postea
1449 1005 1548 1032 vero
1574 989 1784 1045 proelium

231 1077 306 1104 suo
340 1061 485 1104 ordine
518 1076 752 1117 enarrasse,
783 1076 866 1116 qua
897 1061 941 1102 in
972 1061 1197 1103 iteratione
1230 1076 1327 1103 eum
1358 1064 1528 1103 secutus
1559 1063 1624 1103 est
1655 1059 1783 1104 Obse-

229 1148 372 1188 quens.
425 1158 477 1162 -
528 1132 753 1173 Praeterea
802 1146 898 1173 cum
947 1131 1198 1187 Pompeium
1248 1132 1292 1173 in
1341 1131 1478 1174 Gallia
1525 1131 1784 1174 hiemantem
1895 1122 1916 1176 ζ

231 1219 255 1244 a
285 1203 340 1244 M.
366 1203 547 1245 Fonteio
579 1204 793 1245 frumento
826 1203 1018 1244 adiutum
1050 1218 1140 1245 esse
1173 1206 1355 1258 constet,
1390 1203 1472 1245 hoc
1501 1203 1664 1246 factum
1693 1217 1785 1245 esse

228 1277 333 1329 puto
375 1274 520 1315 eadem
560 1274 659 1315 anni
694 1274 819 1329 77l76
857 1273 1014 1329 hieme3
1057 1289 1240 1329 namque
1276 1274 1503 1316 Fonteium
1539 1289 1615 1330 per
1651 1289 1785 1317 annos

232 1346 424 1400 77—75,
460 1359 547 1386 non
579 1344 688 1386 sicut
719 1344 810 1386 vult
842 1343 1115 1401 Schneider')
1152 1360 1284 1386 annos
1317 1345 1507 1401 74—-72‚
1545 1343 1786 1402 existim02)

232 1414 394 1458 Galliae
424 1415 670 1470 praefuisse.

348 1485 482 1527 Porro
515 1486 550 1527 si
580 1485 810 1541 Pompeius
841 1501 938 1528 vere
970 1486 1069 1528 anni
1099 1487 1152 1529 76
1179 1486 1420 1541 Pyrenaeos
1451 1484 1787 1543 transgressuff)
1914 1538 1916 1547 Ι

232 1559 313 1612 est,
350 1556 446 1598 inde
479 1556 688 1612 sequitur,
719 1557 978 1612 Perpernam
1010 1557 1157 1599 eodem
1189 1557 1359 1599 demum
1390 1560 1580 1613 tempore
1611 1557 1665 1599 ad
1695 1556 1786 1600 Ser·
1907 1575 1916 1610 χ

232 1627 332 1670 torii
363 1630 506 1683 partes
542 1643 587 1670 se
618 1626 915 1685 applicasse⁴)‚
955 1643 1092 1683 neque
1130 1627 1214 1669 iam
1255 1643 1364 1670 anno
1399 1629 1465 1683 77,
1505 1627 1548 1670 id
1578 1627 1693 1683 quod
1722 1643 1786 1671 vv.

233 1699 297 1740 dd.
339 1698 575 1740 voluerunt.
645 1698 795 1754 Neque
839 1698 963 1740 aliter
1005 1699 1196 1754 profecto
1239 1698 1331 1740 fieri
1374 1698 1532 1754 potuit!
1591 1698 1788 1754 Namque

234 1784 367 1824 usque
399 1769 451 1810 ad
483 1772 688 1811 aestatem
710 1771 762 1812 77
789 1770 997 1825 Lepidum
1023 1769 1068 1811 in
1093 1768 1218 1811 Italia
1242 1769 1373 1811 fuisse
1399 1784 1526 1824 supra
1551 1769 1788 1825 docuimus3

236 1839 450 1895 Perperna
481 1839 616 1896 igitur
645 1843 872 1896 postquam
909 1840 953 1882 in
984 1839 1178 1882 Sardinia
1215 1840 1390 1882 bellavit
1427 1855 1475 1882 ac
1511 1840 1609 1882 dein
1645 1840 1691 1883 in
1720 1840 1786 1883 Li-

234 1910 401 1968 guriam
432 1914 578 1953 vectus
608 1910 740 1967 Alpes
770 1911 1094 1967 Pyrenaeosque
1126 1911 1315 1967 transiit,
1355 1926 1443 1954 non
1473 1913 1572 1953 ante
1602 1910 1787 1954 hiemem

233 2073 329 2108 falso
356 2074 626 2110 Mommsenum
652 2076 691 2110 et
714 2074 897 2120 Langium
921 2075 960 2120 (l.
987 2074 1011 2110 l.
1037 2087 1072 2120 p.
1095 2076 1177 2120 189)
1208 2085 1372 2120 pugnam
1398 2074 1447 2109 ad
1473 2074 1687 2111 Valentiam
1712 2075 1787 2111 fac-

234 2133 313 2167 tam
338 2132 452 2167 etiam
478 2134 564 2168 ante
590 2133 771 2169 Lauronis
797 2132 1031 2169 obsidionem
1057 2133 1268 2169 collocasse.

356 2191 389 2235 1)
415 2190 439 2226 l.
466 2191 489 2227 1.
515 2204 551 2237 p.
571 2195 627 2227 20.

353 2250 388 2295 2)
413 2249 563 2284 Etenim
588 2250 765 2295 quoniam
790 2252 921 2286 contra
940 2250 1068 2286 Gallos
1093 2261 1282 2296 pugnasse
1303 2250 1499 2286 Fonteium
1518 2251 1647 2288 Cicero
1671 2253 1788 2289 testa-

236 2310 314 2353 tur,
349 2308 418 2344 hoc
444 2309 586 2344 bellum
610 2310 709 2344 idem
742 2321 822 2345 esse
848 2309 995 2345 videtur
1025 2309 1126 2354 quod
1157 2311 1269 2345 antea
1299 2309 1498 2355 Pompeius
1530 2310 1619 2346 dum
1648 2310 1787 2348 ibidem

235 2367 420 2403 hiemaret
444 2368 572 2413 gessit.
622 2367 751 2404 Multis
778 2370 902 2404 autem
929 2367 1035 2404 annis
1063 2370 1148 2414 post
1166 2368 1287 2404 denuo
1309 2369 1437 2405 Gallos
1462 2369 1664 2406 rebellasse
1689 2371 1788 2406 unde

237 2426 439 2462 Schneider
464 2426 574 2472 sciat,
599 2427 760 2463 libenter
785 2427 946 2464 audiam.

356 2487 392 2531 3)
419 2485 590 2522 Ceterum
616 2498 700 2521 cum
725 2485 876 2522 Orosius
897 2487 928 2522 V
947 2490 1004 2531 23,
1025 2490 1045 2521 6
1072 2486 1190 2522 dicat:
1219 2486 1439 2532 ‘Pompeius
1467 2487 1659 2524 contracto
1686 2488 1786 2534 apud

237 2543 463 2580 Pallantiam
495 2544 680 2580 exercitu’
709 2547 790 2589 etc.‚
828 2555 948 2589 neque
979 2544 1168 2580 Pallantia
1203 2556 1318 2591 prope
1349 2545 1504 2581 Durium
1535 2545 1787 2592 Hiberumque

238 2603 312 2639 sita
349 2603 451 2639 dicta
484 2604 543 2639 est
578 2615 698 2649 neque
737 2603 858 2649 ‘apud
889 2603 1122 2639 Valentiam'
1163 2605 1360 2640 emendare
1394 2604 1500 2649 licet,
1545 2605 1644 2649 quod
1682 2605 1788 2642 iubet

237 2663 432 2698 Neumann
451 2663 484 2697 II
508 2675 543 2708 p.
565 2668 609 2699 33
623 2663 725 2707 adn.;
753 2663 817 2698 sed
842 2662 1022 2708 oppidum
1047 2663 1107 2698 cui
1128 2663 1367 2700 ‘Pallantias’
1394 2675 1530 2700 nomen
1555 2666 1646 2710 erat,
1672 2676 1787 2712 prope

238 2722 444 2767 Saguntum
470 2721 584 2757 situm
608 2721 858 2768 significatum
883 2733 964 2757 esse
990 2722 1151 2767 videtur,
1178 2723 1223 2758 cf.
1251 2723 1407 2758 Ptolem.
1426 2723 1460 2757 11
1486 2727 1518 2767 6,
1548 2712 1606 2759 15.v

357 2783 392 2822 4)
425 2781 479 2817 Cf.
514 2781 610 2817 Plut.
650 2781 741 2817 Sert.
777 2784 836 2816 15:
895 2777 976 2816 ἐπεὶ
1018 2780 1215 2827 Πομπήιος
1257 2780 1448 2828 ἠγγέλλετο
1496 2781 1564 2826 τὴν
1607 2781 1788 2830 Πυρήνην

238 2838 486 2886 ὑπερβάλλων.
