1976 3190
318 140 371 183 18
810 139 968 176 Sallusti.
989 140 1239 177 Historiarum
1262 141 1327 177 lib.
1348 141 1374 176 I.

454 251 578 290 oculis
619 250 785 302 effossis,
825 252 1009 291 manibus
1049 253 1308 303 cruribusque
1349 251 1520 290 effractis
1559 252 1761 291 servatum
1799 248 1872 291 ali-

315 310 518 361 quamdiu,
549 311 597 347 ut
627 323 698 359 per
728 310 886 362 singula
916 311 1092 350 membra
1121 307 1368 362 moreretur'3
1404 309 1551 349 similia
1579 309 1729 350 habent
1759 309 1870 350 Oros.

313 369 350 407 V
376 371 443 420 21,
471 370 494 407 6
529 370 569 407 et
597 369 784 407 Valerius
815 370 1011 409 Maximus
1043 371 1099 409 IX
1131 373 1169 423 2,
1197 374 1232 409 1.

433 469 509 514 45.
570 470 636 512 Et
665 470 850 514 liberis
882 472 990 514 eius
1021 473 1301 515 avunculus
1332 474 1452 514 erat.

432 563 538 608 App.
584 563 614 608 (Ι
633 563 735 609 941),
763 564 864 609 96Κ,
892 563 993 610 726,
1019 565 1095 610 Hp
1099 567 1193 600 ,481
1206 564 1488 610 Br..)-—D0nat
1510 563 1559 599 ad
1577 562 1724 599 Terent.
1738 562 1870 609 Hecyr.

313 610 347 644 H
368 614 474 655 2,16.
502 632 546 636 -
573 610 625 646 Id.
653 611 703 646 ad
726 593 872 647 ⁷Phorm
893 611 927 646 V
947 612 1194 659 63211611]
1220 623 1286 648 om.
1307 613 1481 647 Donatus
1504 612 1553 647 ad
1571 611 1732 656 Pham„
1753 611 1871 658 vuzyo.

314 679 356 683 —
384 657 606 704 avunculus]
634 658 817 693 amiculus
846 659 875 694 Ο
899 660 950 694 ad
974 659 1127 705 Hecyr„
1153 659 1348 694 auulculus
1378 659 1408 694 Ο
1432 660 1482 694 ad
1507 659 1655 694 Phorm

433 733 598 773 Comm.
655 734 716 772 Ex
745 734 972 773 hominibus
1003 735 1131 784 primo
1158 735 1258 774 libro
1290 734 1505 774 nominatis
1536 734 1744 786 neminem,
1774 747 1871 785 quo-

315 806 405 832 cum
431 793 615 832 Sallustii
639 793 910 844 fragmentum
935 795 1027 843 apte
1053 794 1263 833 conveniat
1295 794 1387 845 scio,
1418 793 1495 832 nisi
1526 793 1572 832 de
1599 792 1794 833 Catilinae
1825 806 1871 833 ac

314 853 364 892 M.
396 852 515 891 Marii
553 851 750 891 affinitate
787 853 940 891 dictum
977 853 1234 903 accipiamus:
1276 866 1398 903 quam
1438 852 1598 903 quidem
1635 852 1873 892 Sallustium

315 924 639 950 commemorasse
672 925 691 950 e
724 924 862 950 comm.
894 912 1047 950 Lucani
1078 913 1164 951 loco
1195 912 1237 950 in
1275 912 1524 951 enarratione
1554 925 1592 962 p.
1622 912 1671 951 11
1706 911 1871 953 laudato

315 971 508 1021 sequitur.
558 969 643 1008 Iam
663 970 915 1022 intelligitur,
942 983 1012 1010 cur
1031 983 1077 1009 ea
1095 971 1334 1010 narraverit:
1361 983 1453 1010 sane
1473 970 1746 1012 taeterrimum
1765 970 1872 1010 Cati-

312 1030 418 1068 linae
456 1030 608 1068 factum
646 1029 768 1068 etiam
797 1030 1017 1081 urgebatur
1053 1043 1111 1081 eo,
1152 1030 1259 1080 quod
1298 1030 1366 1068 ille
1406 1031 1571 1069 fratrem
1605 1030 1740 1070 uxoris
1777 1042 1872 1069 suae

313 1088 396 1139 ipse
438 1089 592 1128 occidit.
663 1088 849 1127 Ceterum
889 1102 913 1127 a
950 1088 1125 1128 Catilina
1162 1089 1335 1127 Marium
1375 1091 1561 1128 necatum
1596 1101 1680 1128 esse
1715 1090 1875 1140 praeter

313 1148 420 1187 locos
459 1161 579 1198 supra
616 1148 801 1187 laudatos
839 1147 1147 1198 Ciceronemque
1187 1148 1308 1187 etiam
1341 1148 1490 1188 Seneca
1526 1142 1697 1202 (scilicet
1733 1161 1754 1187 6
1786 1147 1872 1188 Sal-

312 1201 456 1260 lustio)
488 1206 702 1246 memoriae
733 1207 910 1246 tradidit

432 1297 509 1341 46.
563 1297 764 1354 Magnis
790 1297 1036 1353 operibus
1062 1297 1312 1353 perfectis
1337 1297 1596 1340 obsidium
1621 1297 1760 1354 cepit
1783 1312 1874 1353 per

313 1368 359 1410 L.
387 1366 665 1411 Catilinam
695 1368 934 1425 legatum.

432 1461 538 1506 App.
584 1461 614 1506 (I
634 1465 679 1496 84
691 1461 793 1506 D,K,
820 1464 862 1496 61
880 1461 1268 1507 G‚11p..189Br)—
1289 1461 1420 1496 Festus
1438 1472 1474 1506 p.
1497 1460 1612 1496 193M
1630 1461 1678 1506 (p.
1694 1460 1871 1507 22οΤ11.)·

317 1507 531 1543 ‘Obsidium
554 1509 748 1552 tamquam
772 1474 1025 1600 praeqsidiump
1039 1508 1249 1543 subsidium
1266 1510 1366 1543 recte
1387 1507 1525 1543 dicitur
1528 1537 1658 1544 .....
1684 1508 1734 1544 Et
1750 1507 1873 1544 Sallu-

317 1555 411 1590 stius
448 1555 691 1590 historiarum
727 1556 763 1590 I’
792 1566 822 1591 6.
849 1568 883 1600 q.
911 1568 938 1591 s.
970 1560 981 1602 ῃ
1012 1555 1202 1602 operibus]
1241 1555 1420 1601 operiltus
1457 1558 1582 1603 apoy'r.
1609 1555 1655 1592 F.
1681 1576 1726 1582 —
1757 1555 1872 1603 cepit]

315 1602 439 1648 coepit
464 1615 523 1648 ap.
552 1603 598 1647 F,
627 1603 792 1647 Gerlach,
817 1603 985 1647 Dietsch;
1010 1615 1099 1639 corr.
1129 1602 1241 1639 Corte.

434 1679 599 1718 Comm.
657 1680 758 1730 Irag
749 1682 895 1718 rmento
929 1679 1082 1718 difficili
1112 1693 1197 1719 rem
1227 1679 1268 1718 in
1301 1678 1599 1745 oppugnatione
1631 1678 1769 1730 oppidi
1799 1679 1871 1718 ali-

315 1738 429 1778 cuius
467 1740 622 1805 gestam
656 1738 794 1777 referri
826 1740 1009 1790 apparet,
1048 1739 1095 1778 de
1132 1739 1237 1778 bello
1275 1738 1384 1778 civili
1414 1738 1481 1789 agi
1511 1737 1595 1777 veri
1625 1738 1873 1777 simillimum

316 1800 387 1849 est,
429 1798 577 1847 quippe
610 1811 688 1847 quo
722 1796 896 1836 Catilina
928 1798 1063 1836 Sullae
1095 1798 1253 1849 legatus
1284 1797 1416 1836 fuerit
1479 1796 1609 1843 Quare
1641 1797 1874 1836 coniecerim

323 1879 372 1883 —
403 1859 443 1895 et
469 1856 705 1896 coniecturis
737 1869 837 1906 opus
869 1869 952 1896 esse
983 1870 1097 1896 nemo
1129 1870 1208 1896 non
1239 1856 1426 1895 concedet
1451 1877 1501 1882 —
1535 1855 1736 1908 oppidum,
1768 1857 1875 1906 quod

316 1916 487 1955 obsideri
519 1915 754 1967 ostenditur,
793 1928 876 1955 esse
908 1916 1140 1967 Praeneste;
1178 1915 1324 1955 etenim
1355 1915 1521 1954 alterius
1557 1915 1635 1954 loci
1672 1927 1872 1967 expugna-

314 1976 465 2014 tionem
495 1975 624 2013 fusius
656 1974 697 2012 in
733 1975 934 2024 prooemio
973 1977 1199 2014 enarratam
1230 1987 1313 2013 esse
1350 1973 1455 2013 credi
1491 1973 1558 2013 vix
1592 1975 1735 2024 potest.
1795 1974 1872 2014 De-

315 2035 405 2072 inde
444 2047 535 2072 cum
571 2035 713 2073 notum
749 2034 803 2072 sit
839 2034 957 2072 Marii
994 2036 1116 2084 caput
1152 2033 1352 2072 interfecti
1387 2033 1495 2071 intra
1524 2033 1873 2072 Praenestinorum

316 2092 473 2132 moenia
504 2093 725 2132 coniectum
757 2105 857 2144 esse,
896 2106 1108 2143 quemnam
1139 2093 1240 2131 illud
1270 2093 1483 2131 Praeneste
1521 2091 1704 2131 attulisse
1739 2093 1872 2143 putas,

316 2153 393 2190 nisi
424 2152 592 2190 eundem
624 2152 695 2202 qui
725 2152 898 2190 Marium
930 2152 1074 2191 occidit
1112 2153 1312 2202 caputque
1342 2165 1413 2201 per
1442 2151 1553 2189 urbis
1582 2151 1669 2190 vias
1699 2152 1872 2190 ostenta-

316 2211 392 2262 vit,
431 2211 582 2249 scilicet
620 2210 861 2249 Catilinam?
922 2212 976 2249 Et
1018 2224 1109 2250 eum
1146 2211 1216 2261 qui
1253 2210 1444 2260 oppidum
1479 2210 1581 2248 illud
1622 2209 1874 2250 circumsedit

315 2283 387 2320 per
418 2269 633 2308 Catilinam
665 2270 842 2308 subsidia
879 2270 1075 2320 accepisse
1111 2271 1184 2309 hoc
1221 2270 1445 2321 fragmento
1483 2269 1680 2308 discimus.
1742 2269 1872 2315 Quare

316 2329 372 2368 sic
404 2329 703 2379 concludamus,
746 2328 961 2367 Catilinam
999 2342 1090 2368 cum
1128 2329 1313 2367 subsidiis
1349 2328 1536 2367 Lucretio
1569 2326 1721 2367 Ofellae
1758 2341 1874 2378 opem

316 2388 456 2426 tulisse
488 2401 533 2426 ac
565 2387 684 2426 simul
709 2387 826 2425 Marii
858 2390 980 2437 caput
1011 2390 1252 2439 apportasse,
1286 2400 1365 2437 quo
1392 2387 1582 2426 maiorem
1604 2387 1872 2426 Praenestinis

317 2448 481 2486 iniceret
505 2448 706 2486 terrorem.
737 2468 786 2473 —
817 2446 1001 2485 Ceterum
1025 2447 1203 2486 recedere
1229 2447 1278 2485 ab
1304 2447 1375 2485 illa
1399 2446 1508 2486 vocis
1532 2446 1723 2484 obsidium
1752 2445 1872 2484 inter-

317 2506 551 2556 pretatione,
595 2519 715 2555 quam
745 2506 888 2544 Festus
919 2506 1093 2557 praebet,
1131 2506 1244 2544 nulla
1275 2505 1455 2557 cogimur
1490 2504 1741 2543 necessitate:
1779 2517 1872 2543 sane

316 2565 493 2616 Verrius,
524 2564 602 2603 nisi
632 2565 705 2604 hoc
731 2578 778 2603 ex
809 2565 1029 2616 enuntiato,
1061 2567 1195 2603 tamen
1225 2566 1313 2604 tota
1345 2578 1364 2603 e
1396 2563 1623 2603 narratione
1652 2577 1754 2614 quae
1785 2563 1871 2602 eius

316 2624 427 2663 verbi
457 2624 517 2663 vis
549 2625 652 2663 esset
682 2623 780 2662 scire
810 2623 955 2673 potuit.

437 2713 513 2758 47.
577 2713 696 2756 Cum
726 2728 839 2756 arae
871 2717 920 2755 et
951 2714 1052 2756 alia
1083 2714 1182 2756 diis
1212 2715 1411 2756 sacrata
1441 2710 1733 2768 supplicum
1763 2727 1871 2755 san-

318 2784 471 2841 guine
502 2784 846 2827 foedarentur.

436 2877 542 2922 App.
569 2877 599 2922 (1
612 2880 656 2911 22
664 2877 708 2922 D,
723 2880 767 2912 26
775 2876 819 2922 Κ,
835 2879 879 2911 15
888 2875 930 2921 G,
944 2876 961 2910 Ι
971 2889 1006 2921 p.
1020 2879 1087 2911 289
1095 2876 1215 2922 Br.)—
1229 2876 1327 2912 Serv.
1341 2876 1869 2922 (sch01.Dan.)adAen.11502.
