1976 3190
248 177 330 219 104
724 173 878 209 Sallusti
903 173 1151 209 Historiarum
1178 173 1242 209 lib.
1263 173 1306 209 II.

365 282 473 327 101.
526 282 638 325 Ictu
669 297 856 339 eorum,
887 283 973 338 qui
1003 282 1055 325 in
1085 282 1279 325 flumen
1309 280 1417 337 <se>
1449 281 1798 340 ruebantfne-

244 356 503 425 cabantur.

363 446 468 511 App.
508 446 555 491 (H
574 446 1231 493 63D,72K,71G,1p.471Br.)-
1231 446 1386 486 Donat.
1407 445 1456 480 ad
1474 445 1620 481 Terent.
1640 444 1806 492 Adelph.

245 495 341 539 1112,
357 498 417 530 21·
441 494 575 530 ‘Ruere
595 494 759 530 activam
771 494 847 530 vim
865 494 991 530 habet.
1031 493 1245 530 Salustius
1235 506 1273 528 ln
1294 493 1455 529 secundo
1475 503 1506 528 e.
1526 504 1598 538 q.s
1671 502 1799 529 ruere

246 541 346 577 enim
371 543 428 576 est
452 543 533 576 toto
559 552 711 587 corpore
736 541 793 577 uti
819 542 868 577 ad
892 541 1170 588 impellendum,
1202 541 1303 586 quod.
1328 540 1482 585 faciunt,
1508 539 1574 585 qui
1597 521 1681 586 ipsi
1694 550 1801 587 prae-

247 588 379 634 cipites
411 588 506 624 alios
536 590 802 634 prosternunt.²
823 591 835 635 ΙΙ
859 589 899 624 in
929 589 1066 624 fiumen
1097 589 1151 635 se]
1183 588 1223 623 in
1247 588 1385 623 flumen
1412 587 1453 631 0,
1482 588 1576 623 idem
1603 587 1803 624 coniecerat

246 642 355 672 antea
385 636 549 690 Dietsch,
588 647 626 672 se
657 638 788 673 addidi
817 648 862 672 ea·
897 638 955 681 iis,
989 648 1078 683 quae
1102 637 1276 672 Donatus
1305 637 1355 672 ad
1391 637 1523 671 locum
1536 635 1806 673 Salluuiorum

246 685 447 728 adnotavit,
471 683 511 718 in
535 683 685 720 flumine
710 684 761 728 D,
785 686 903 731 vulgo.
930 705 974 710 ——
999 684 1174 730 ruebant]
1204 683 1244 728 Ο,
1268 684 1386 730 vulqo,
1409 682 1615 718 ruebantur
1638 682 1689 719 D.

367 759 532 799 Oomm.
587 761 651 799 Ad
681 774 859 812 pugnam
883 761 1092 800 Valentiae
1123 761 1273 800 factam
1301 760 1399 798 haec
1424 761 1602 810 spectare
1626 758 1802 809 conicere

247 820 392 871 possis,
431 833 521 858 cum
551 820 767 872 fragmenti
796 819 1010 859 recorderis
1041 820 1082 858 II
1114 822 1186 871 54,
1225 833 1303 870 quo
1341 819 1455 857 iuxta
1490 819 1622 869 ipsum
1656 817 1803 858 flumen

249 879 412 918 Turiam
443 881 531 918 tum
555 881 781 931 pugnatum
813 891 895 918 esse
927 879 1107 918 efficitur.
1165 879 1278 925 Quod
1308 891 1401 917 vero
1432 878 1475 916 in
1504 877 1626 917 fluvio
1657 889 1804 930 magna

250 951 342 989 pars
372 939 548 977 militum
584 939 780 978 interiisse
817 940 1020 990 narratur,
1056 939 1155 977 bene
1193 938 1378 978 convenit
1413 950 1504 976 cum
1539 937 1691 987 proelio
1720 937 1804 989 illo,

250 1011 329 1048 quo
356 998 489 1037 decem
513 998 626 1037 milia
650 999 856 1037 hominum
880 998 1095 1047 perdidisse
1115 998 1315 1048 Perperna
1340 1010 1364 1035 a
1382 996 1598 1036 Plutarcho
1622 997 1804 1040 refertur.

250 1057 439 1096 Attamen
479 1070 570 1096 cum
609 1058 728 1107 plura
767 1057 1006 1108 singulaque
1047 1058 1093 1096 de
1133 1069 1271 1108 pugna
1306 1056 1549 1095 Valentiana
1586 1057 1806 1097 memorata

248 1130 328 1155 non
359 1116 439 1154 sint
470 1118 510 1155 et
539 1130 634 1168 rem,
672 1117 803 1167 qualis
834 1117 1058 1168 fragmento
1089 1117 1162 1156 hoc
1200 1116 1445 1167 describitur,
1483 1115 1605 1154 etiam
1641 1114 1731 1154 aliis
1762 1115 1806 1153 in

248 1175 409 1226 proeliis
442 1175 629 1215 accidisse
659 1176 768 1214 haud
799 1176 1053 1214 abnuendum
1084 1176 1147 1227 sit,
1178 1176 1291 1215 velut
1318 1175 1369 1214 ad
1394 1175 1609 1214 Sucronem
1638 1173 1806 1214 fluvium

250 1235 449 1285 proeliove
476 1235 659 1274 Turiensi
690 1236 753 1274 vel
785 1236 888 1274 certe
923 1235 1003 1274 alio
1034 1235 1138 1274 bello
1171 1235 1340 1274 secundo
1372 1234 1473 1274 libro
1498 1235 1672 1285 narrato,
1701 1233 1807 1274 inter

252 1294 403 1333 incerta
433 1295 506 1333 hoc
537 1295 807 1346 fragmentum
840 1307 1026 1344 seponere
1057 1295 1192 1333 malui.

372 1395 478 1441 102.
539 1395 714 1452 Neque
746 1396 1016 1453 subsidiis,
1047 1396 1123 1439 uti
1155 1396 1399 1451 soluerat,
1431 1395 1748 1452 compositis.

370 1490 474 1535 App.
526 1490 573 1535 (H
592 1492 636 1524 55
651 1489 695 1535 D,
722 1494 766 1525 64
779 1489 823 1535 K,
850 1492 894 1524 48
910 1489 952 1534 G,
977 1490 1011 1524 H
1029 1502 1064 1535 p.
1085 1493 1153 1525 468
1167 1489 1242 1535 ΒΥ.)
1267 1511 1311 1515 -
1337 1488 1450 1525 Prisc.
1470 1489 1521 1524 IX
1546 1489 1594 1534 (II
1616 1501 1652 1535 p.
1671 1490 1766 1535 489).

373 1573 479 1619 103.
540 1574 636 1616 Ille
677 1573 896 1616 festinat
936 1573 1186 1616 subsidiis
1226 1573 1491 1630 principes
1533 1589 1719 1631 augere
1759 1575 1808 1616 et

253 1647 465 1688 densere
497 1647 730 1688 frontem.

371 1714 502 1784 ipss*
521 1714 567 1784 a]
587 1742 631 1773 59
644 1738 688 1784 D,
716 1742 759 1773 68
773 1739 816 1783 Κ,
846 1743 912 1778 100
927 1738 969 1784 c,
995 1739 1028 1773 11
1046 1752 1081 1784 p.
1103 1742 1171 1774 550
1184 1739 1259 1782 ΒΥ.)
1280 1761 1322 1764 -
1343 1738 1499 1783 Eutych.
1519 1751 1554 1784 p.
1575 1741 1654 1774 482.
1675 1739 1687 1784 ιι
1705 1738 1809 1774 festi-

254 1788 336 1834 nat]
364 1799 429 1823 om.
458 1786 500 1822 P.
528 1807 571 1812 ——
599 1786 769 1832 densere]
796 1786 951 1821 densare
978 1787 1020 1822 P.
1047 1808 1089 1812 —
1117 1786 1293 1833 frontem]
1318 1786 1460 1822 fontem
1484 1786 1584 1822 codd.

375 1870 482 1915 104.
542 1871 725 1913 Terror
755 1870 996 1913 hostibus
1028 1873 1075 1912 et
1106 1870 1298 1912 fiducia
1329 1870 1434 1912 suis
1466 1870 1689 1913 incessit.

322 1941 325 1942 ⁷
372 1964 476 2009 App
523 1964 690 2009 (11601),
711 1963 813 2009 69K,
840 1963 956 2009 41c>
978 1985 1020 1989 ψ
1042 1963 1192 2009 Arus.p
1196 1967 1303 1999 ..488
1323 1964 1406 2011 net]
1428 1963 1537 2007 esur,
1562 1963 1808 2017 aumas,

255 2013 350 2058 quod
374 2013 450 2047 iam
475 2013 515 2046 in
541 2012 784 2048 Perizoniano
814 2016 914 2047 extat
943 2012 1079 2055 codice,
1110 2023 1175 2047 om.
1167 1975 1306 2055 PKeil,
1344 2022 1389 2046 ex
1420 1991 1558 2046 fiducia
1589 2010 1646 2046 sui
1672 2011 1807 2047 Isionde-

254 2072 378 2104 mann,
402 2060 519 2106 vulyo.

375 2141 484 2187 105.
540 2143 912 2186 Circumventis
944 2143 1153 2186 dextera
1183 2142 1315 2185 nuda
1340 2144 1547 2200 ferrum,
1580 2158 1699 2186 saxa
1723 2146 1810 2186 aut

256 2214 375 2270 quid
407 2214 510 2256 tale
542 2214 713 2270 capita
744 2214 1080 2271 adfligebant.

373 2307 477 2352 App.
528 2307 575 2352 (Π
595 2311 637 2342 61
653 2307 696 2351 D,
725 2311 767 2342 70
780 2307 824 2351 K,
851 2308 867 2342 Ι
891 2319 925 2352 p.
948 2311 1015 2342 637
1029 2308 1102 2352 ΒΥ.)
1123 2329 1166 2333 --
1187 2307 1292 2343 Arus.
1319 2320 1354 2353 p.
1375 2311 1461 2344 456:
1490 2307 1677 2343 ‘adflictus
1701 2307 1809 2343 illam

255 2367 342 2400 rem,
370 2354 442 2390 Sal.
470 2353 555 2389 hist.
576 2355 628 2389 ΠΙ
654 2384 660 2390 .
678 2383 683 2390 .
701 2383 707 2389 .
725 2384 731 2389 .
758 2354 859 2389 idem
883 2354 969 2390 hist.
990 2355 1049 2390 II.'
1078 2366 1107 2390 e.
1129 2367 1162 2399 q.
1186 2367 1211 2390 S.
1233 2356 1244 2400 ss
1263 2354 1540 2402 circumventis]
1566 2355 1810 2391 circumventi

254 2404 372 2449 vulyo,
397 2401 668 2436 circumventus
694 2403 785 2437 coni.
807 2403 903 2438 Keil.
930 2424 974 2428 —
1001 2403 1168 2449 dextera]
1193 2403 1246 2438 sic
1270 2403 1320 2446 N,
1346 2414 1368 2437 a
1394 2403 1547 2438 dextera
1566 2402 1810 2447 Lmdemaom,

256 2451 372 2496 vulyo.
400 2471 444 2475 --
469 2449 607 2484 ferrum
633 2461 723 2483 saxa
749 2451 815 2484 aut
839 2449 930 2493 quid
954 2449 1047 2496 tale]
1073 2449 1211 2485 sermm
1236 2451 1318 2485 erat
1343 2461 1432 2485 saxa
1457 2451 1523 2485 aut
1547 2449 1639 2495 quid
1660 2449 1739 2485 tale
1758 2450 1810 2494 N,

256 2497 354 2532 unde
379 2497 517 2532 ferrum
542 2498 623 2532 erat
648 2497 893 2540 Lindemann,
917 2498 1018 2532 nuda
1043 2497 1139 2532 ferro
1166 2498 1247 2532 erat
1274 2497 1408 2542 Cassel,
1439 2499 1520 2532 erat
1543 2498 1714 2543 ylossema
1740 2498 1811 2542 (vel

256 2545 539 2591 dittographiam
564 2545 704 2589 potius)
737 2545 816 2579 iure
846 2545 989 2580 seclusit
1020 2545 1184 2588 Dietsch,
1222 2544 1318 2579 ferro
1356 2555 1445 2579 saxo
1482 2543 1568 2579 aliis
1597 2543 1686 2580 telis
1717 2545 1808 2580 coni.

256 2594 349 2628 idem
373 2593 558 2636 audacter,
582 2591 808 2626 ferramenta
833 2593 902 2627 etc,
928 2592 1022 2627 Keil.
1050 2614 1093 2618 -
1119 2591 1261 2638 capita]
1287 2591 1390 2637 capit
1415 2592 1463 2627 N.
1491 2613 1535 2618 -
1561 2591 1808 2638 adfligebant]

257 2639 533 2685 adfligebantur
557 2639 718 2682 Dietsch,
743 2638 1015 2674 circumventus
1037 2669 1043 2674 .
1061 2669 1066 2675 .
1084 2669 1090 2675 .
1108 2669 1114 2674 .
1136 2639 1342 2684 adfligebat
1366 2639 1461 2675 Keil.
1493 2660 1540 2665 —-
1571 2638 1614 2675 Si
1637 2640 1687 2675 ad
1710 2638 1808 2676 Aru-

256 2689 355 2722 siani
380 2688 506 2722 lemma
529 2687 637 2722 verba
661 2687 884 2730 conformare
908 2699 989 2722 eum
1013 2687 1197 2722 Dietschio
1220 2688 1379 2731 velimus,
1409 2687 1632 2723 accusativos
1658 2686 1807 2731 ferrum,

258 2745 348 2769 saxa
372 2735 523 2770 tolerare
546 2744 762 2779 nequeamus
786 2734 1007 2779 nimiumque
1032 2747 1056 2770 a
1081 2735 1214 2770 codicis
1242 2735 1413 2770 memoria
1438 2734 1597 2770 recedere
1621 2745 1661 2770 co

258 2793 367 2827 quare
391 2793 466 2817 non
490 2786 564 2816 tam
589 2782 673 2816 bene
697 2792 889 2827 congruere
908 2782 1090 2817 flrusiaui
1115 2782 1241 2817 lemma
1265 2786 1298 2817 et
1322 2783 1521 2827 exemplum
1540 2782 1708 2827 praefero
1714 2795 1729 2825 ;
1753 2792 1810 2817 eos

255 2840 353 2872 vere,
379 2830 443 2874 qui
466 2829 700 2864 circumventi
714 2832 821 2872 sunt,
852 2830 897 2864 ab
922 2829 1079 2864 hostibus
1102 2831 1204 2865 saxis
1226 2830 1389 2875 ferroque
1413 2840 1596 2875 oppressos
1618 2839 1706 2872 esse,
1734 2839 1810 2864 non

257 2877 500 2922 ayyredientes
524 2877 569 2911 ab
594 2877 860 2921 circumventis,
890 2877 930 2911 id
959 2878 1055 2921 quod
1081 2877 1187 2923 vuzyo
1216 2881 1382 2922 putatur,
1412 2888 1458 2912 ex
1485 2876 1660 2912 similium
1689 2887 1809 2912 rema

257 2928 396 2959 natura
420 2924 640 2969 historiaque
665 2924 832 2970 consequi
855 2924 945 2959 mihi
967 2925 1118 2960 videtur.
