1976 3190
292 157 395 198 XXH
926 158 1211 196 PRAEFATIO.

291 272 416 314 ficere
452 284 541 312 non
581 268 774 324 potuisse
814 267 899 310 nisi
942 268 1114 311 adiutus
1157 283 1293 311 essem
1338 266 1621 322 complurium
1661 266 1852 315 virorum

291 343 513 384 doctorum
538 340 906 395 humanorumque
930 355 1068 395 opera.
1132 338 1328 382 Summas
1354 338 1489 395 igitur
1520 337 1682 395 gratias
1712 337 1850 382 refero

291 412 502 467 imprimis
545 411 638 453 viro
678 411 970 453 illustrissimo
1014 410 1067 453 H.
1099 410 1344 466 Usenero,
1389 409 1463 464 qui
1501 423 1585 464 qua
1619 404 1762 452 notus
1786 411 1851 452 est

291 498 392 540 erga
424 496 571 524 omnes
602 482 861 524 liberalitate
893 497 915 524 e
948 482 1115 524 schedis
1148 482 1236 524 suis
1262 481 1470 523 Lucaneis
1503 495 1611 536 quae
1637 480 1692 523 ad
1716 479 1853 523 Sallu-

294 554 425 596 stium
458 556 652 609 spectant
682 553 789 595 mihi
821 553 1021 608 excripsit
1053 556 1095 595 et
1132 567 1246 595 nunc
1278 555 1405 608 caput
1438 550 1647 609 astrologi
1684 551 1855 594 futurae

296 625 474 667 editioni
505 640 530 667 a
568 639 612 666 se
648 624 734 666 iam
769 627 1070 680 praeparatum
1105 625 1290 682 ingenua
1320 623 1612 665 munificentia
1648 622 1854 666 edendum

294 696 399 739 mihi
420 696 615 752 tradidit3
642 690 790 737 deinde
812 695 993 738 Carolo
1019 695 1308 752 Dziatzkio⁷
1334 695 1408 750 qui
1434 694 1738 737 collationibus
1763 693 1854 737 suis

292 767 345 809 ad
375 767 537 809 Donati
569 767 896 810 commentarios
927 767 1207 809 Terentianos
1238 767 1386 809 utendi
1418 766 1584 822 copiam
1614 760 1721 808 mihi
1750 756 1852 808 fecit

293 839 547 894 saepiusque
591 837 770 880 consilio
803 853 880 880 suo
919 838 1093 881 adiuvit.
1154 838 1379 880 Praeterea
1419 840 1562 895 grates
1599 851 1683 895 ago
1722 836 1854 880 maxi-

291 925 383 951 mas
413 904 735 951 humanissimis
764 909 866 951 viris
898 908 948 951 A.
974 909 1336 966 Wilmannsio,
1365 909 1416 952 A.
1448 909 1711 966 Richtero‚
1743 907 1852 952 Chr.

295 979 573 1037 Stephano,
609 979 641 1023 I.
678 980 734 1023 M.
777 980 1106 1038 Stowassero,
1151 980 1332 1023 Carolo
1364 980 1654 1037 Weymano,
1697 979 1854 1036 quibus

294 1054 502 1107 quantum
535 1051 709 1094 debeam
749 1067 876 1107 supra
908 1052 1252 1109 commemoravi,
1283 1051 1516 1094 Eduardo
1554 1050 1853 1108 Wolfflino‚

293 1122 367 1178 qui
410 1123 618 1165 nonnulla
656 1137 762 1178 quae
806 1122 859 1165 ad
900 1123 1104 1166 historias
1140 1123 1356 1178 pertinent
1392 1137 1414 1165 e
1453 1122 1586 1184 copiis
1624 1113 1712 1165 suis
1747 1121 1854 1165 mihi

291 1193 479 1236 tradidit.
534 1193 617 1236 Sed
643 1193 832 1236 omnium
857 1194 1087 1237 maximam
1113 1197 1446 1249 perpetuamque
1469 1193 1607 1236 habeo
1631 1193 1855 1249 referoque

226 1283 231 1288 ·
294 1264 479 1322 gratiam
513 1264 690 1307 Curtio
733 1264 1119 1308 Wachsmuthio
1162 1265 1429 1321 praeceptori
1466 1264 1701 1322 canssimo3
1733 1263 1854 1307 cuius

291 1335 501 1378 instinctu
532 1351 628 1378 cum
666 1335 768 1378 olim
805 1336 1018 1378 tractandi
1056 1335 1251 1379 Sallustii
1282 1351 1389 1392 opus
1433 1346 1662 1394 aggressus
1703 1350 1854 1392 essem,

293 1407 540 1463 saepissime
572 1407 750 1450 consilio
784 1421 995 1463 operaque
1025 1422 1092 1450 me
1124 1407 1296 1450 adiuvit.
1361 1407 1420 1449 Et
1456 1406 1557 1449 huic
1587 1409 1630 1450 et
1659 1405 1852 1450 Usenero

293 1482 501 1534 quantum
538 1494 635 1522 cum
671 1479 777 1521 alias
813 1481 907 1521 tum
938 1479 1020 1521 hoc
1050 1479 1096 1521 in
1134 1479 1283 1521 libello
1324 1478 1499 1521 debeam
1529 1478 1601 1534 pia
1644 1480 1852 1536 grataque

292 1565 458 1606 semper
487 1550 693 1593 memoria
722 1550 890 1592 tenebo.

1967 622 1974 666 ἲ
