1916 3178
254 252 452 307 ἐπίτηδες
483 252 749 308 ἐμβαλόντος
778 253 915 296 αὐτὸν
946 255 1008 303 εἰς
1043 255 1148 303 τοὺς
1186 252 1426 302 διώκοντας
1463 251 1655 294 Sallustii
1685 252 1814 296 Livii*

256 321 384 380 que¹)
416 325 491 365 est.
1700 320 1703 321 ⁷
1789 318 1794 325 ’

297 392 299 394 ’
373 393 481 448 Cap.
517 394 569 436 18
612 394 816 436 maiorem
847 397 1031 450 partem,
1073 409 1156 450 qua
1187 395 1334 436 caedes
1370 393 1598 436 mulierum
1627 393 1814 436 Pharna·
1896 444 1900 446 γ

253 464 341 506 ciae
367 464 541 506 iubente
565 464 814 507 Mithridate
840 466 953 508 facta
977 466 1171 520 refertur,
1196 465 1397 507 Straboni
1423 464 1698 513 addicendam
1722 479 1814 508 esse

254 536 362 576 bene
392 535 632 590 suspicatus
671 539 735 578 est
767 535 888 592 Ott03
926 536 1085 578 etenim
1117 551 1212 578 cum
1243 535 1500 578 Plutarchus
1537 535 1641 578 duas
1670 538 1815 578 narret

252 606 515 648 Mithridatis
546 622 711 649 sorores
743 607 804 649 ibi
842 607 1001 649 occisas
1033 622 1135 663 esse,
1166 622 1294 649 unam
1330 606 1499 649 novisse
1529 605 1698 648 videtur
1726 604 1814 650 Sal-

251 677 425 733 lustius,
457 679 507 720 cf.
539 679 669 720 schol.
702 678 828 721 Gron.
859 695 899 734 p.
925 680 1012 721 439
1045 677 1230 736 (Orell.):
1262 678 1364 720 ‘iste
1391 677 1500 735 (scil.
1523 675 1815 735 Mithridates)

253 751 425 790 auctore
463 748 666 791 Sallustio
706 752 749 791 et
786 750 961 791 fratrem
999 752 1042 791 et
1073 764 1297 792 sororem
1334 747 1508 791 occidit'
1541 750 1620 790 etc.
1678 747 1813 791 Porro
1896 760 1902 806 J

253 818 453 861 Straboni
497 820 587 862 iure
631 820 831 862 attribuit
868 820 990 875 Otto,
1034 834 1141 875 quae
1179 835 1278 875 cap.
1313 821 1366 862 19
1406 819 1456 861 de
1492 821 1630 862 κτίσει
1667 818 1813 875 oppidi

251 889 390 932 Amisi
423 893 465 931 et
497 890 548 932 de
580 891 861 946 Tyrannione,
892 891 1026 946 ipsius
1057 890 1279 933 Strabonis
1310 890 1530 947 magistro,
1560 890 1812 932 referuntur.

253 961 355 1002 Mox
393 976 492 1016 cap.
519 963 582 1004 20
614 962 872 1004 conditionis
908 962 1221 1017 provinciarum
1259 961 1504 1016 descriptio,
1541 960 1698 1016 quippe
1729 974 1814 1016 qua

252 1032 523 1074 acerbissime
565 1033 831 1088 vituperetur
877 1033 1069 1088 equitum
1113 1036 1155 1074 et
1199 1032 1472 1088 optimatium
1514 1031 1661 1086 factio,
1705 1031 1812 1074 bene

253 1103 458 1158 quadrare
497 1103 550 1144 ad
580 1103 831 1146 Sallustium
868 1103 1037 1145 videtur
1072 1119 1209 1159 neque
1240 1103 1382 1145 minus
1413 1101 1553 1158 ampla
1583 1102 1813 1159 legationis

251 1173 382 1229 Appii
415 1174 551 1216 Clodii
584 1175 636 1216 ad
661 1174 890 1231 Tigranem
921 1175 1057 1216 factae
1090 1175 1300 1216 enarratio
1333 1175 1531 1217 21-22,
1592 1172 1676 1217 Sed
1705 1173 1812 1215 illud

252 1244 302 1286 de
327 1245 571 1287 Metrodoro
597 1244 769 1300 Scepsio
802 1245 1068 1302 ἐπεισόδιον,
1099 1246 1213 1300 quod
1242 1260 1330 1287 non
1355 1243 1554 1301 congruit
1579 1259 1675 1286 cum
1700 1243 1813 1287 Stra-

251 1315 376 1357 bonis
408 1317 457 1358 fr.
479 1318 547 1372 87,
578 1316 682 1357 item
706 1315 998 1371 Amphicratis
1028 1316 1296 1358 historiolam
1327 1316 1438 1358 unde
1468 1315 1624 1357 habeat
1647 1315 1813 1358 Plutar-

252 1386 356 1428 chus
386 1387 512 1442 plane
543 1387 766 1429 nescimus.
821 1386 936 1437 Quae
963 1389 1199 1442 sequuntur
1230 1402 1328 1442 cap.
1355 1386 1542 1429 23-24
1573 1400 1596 1427 e
1619 1384 1812 1428 Sallustii

251 1459 294 1498 et
336 1456 559 1498 Strabonis
601 1456 797 1499 frustulis
840 1458 1022 1499 conflata
1065 1459 1175 1499 sunt.
1248 1456 1423 1498 Etenim
1465 1456 1655 1512 initium,
1698 1457 1813 1513 quod

251 1530 340 1568 arte
379 1527 576 1570 cohaeret
614 1543 711 1570 cum
748 1543 836 1583 cap.
869 1530 926 1570 20
965 1530 1007 1569 et
1044 1543 1128 1583 quo
1160 1528 1464 1570 Λουκούλλεια
1500 1526 1546 1569 in
1575 1526 1810 1585 Asiae-mi·

251 1598 368 1640 noris
399 1599 578 1640 urbibus
610 1599 809 1640 instituta
842 1613 932 1640 esse
962 1601 1190 1640 narrantur
1222 1624 1276 1628 ——-
1309 1601 1456 1640 contra
1480 1596 1589 1654 App.
1617 1599 1672 1642 76
1702 1598 1812 1642 hanc

252 1684 343 1711 rem
355 1670 473 1711 velut
486 1685 597 1712 anno
615 1672 669 1712 73
684 1673 850 1726 gestam
876 1670 1044 1711 rettulit
1070 1696 1124 1700 —-
1140 1669 1446 1712 Sallustianum
1472 1671 1546 1711 est.
1597 1667 1680 1712 Sed
1703 1684 1812 1725 quae

250 1740 381 1782 habet
412 1740 669 1782 Plutarchus
706 1741 757 1781 de
790 1742 914 1795 capta
945 1739 1113 1796 Sinope,
1145 1755 1166 1782 e
1193 1739 1402 1782 Strabone
1434 1739 1578 1781 addita
1608 1754 1700 1782 esse
1724 1739 1812 1783 iam

251 1811 378 1853 evicit
416 1810 518 1853 Otto
559 1811 724 1853 collatis
762 1812 811 1853 fr.
845 1812 901 1854 84
939 1814 981 1853 et
1011 1811 1120 1867 App.
1147 1813 1221 1867 833
1259 1814 1301 1852 et
1338 1809 1509 1866 quidem
1546 1810 1811 1866 ineptissime

250 1897 299 1923 ea
331 1882 494 1924 adiecta
528 1897 619 1924 esse
646 1882 855 1937 existimo,
881 1897 978 1924 cum
1003 1881 1189 1937 Sinopen
1213 1896 1259 1924 re
1283 1896 1382 1923 vera
1408 1883 1613 1923 autumno
1633 1881 1733 1924 anni
1755 1883 1807 1924 71

246 1954 538 2010 'expugnatam
570 1968 660 1995 esse
693 1968 745 1995 ex
774 1953 883 2008 App.
911 1955 986 2008 83,
1017 1952 1153 1996 Strab.
1186 1953 1235 1995 fr.
1268 1954 1336 2007 84,
1366 1952 1522 1994 Memn.
1548 1967 1581 1994 c.
1608 1953 1665 1995 52
1695 1951 1810 2010 (coll.

253 2039 340 2079 cap.
367 2022 445 2081 43)
478 2025 653 2079 eluceat,
688 2024 944 2066 Plutarchus
980 2039 1079 2066 vero
1111 2024 1220 2066 hanc
1251 2038 1341 2065 rem
1372 2022 1496 2065 initio
1528 2022 1812 2078 expeditionis

250 2095 296 2136 in
315 2095 544 2151 Tigranem
570 2098 789 2150 susceptae
815 2095 840 2137 i.
862 2110 894 2137 e.
920 2095 1129 2151 principio
1156 2094 1255 2136 anni
1276 2095 1330 2137 69
1357 2093 1616 2136 adnexuerit.
1659 2093 1811 2136 Paullo

250 2165 362 2207 infra
393 2180 492 2221 cap.
519 2167 594 2221 24,
631 2179 728 2206 cum
759 2165 921 2207 interea
959 2165 1004 2207 in
1041 2164 1272 2206 enarranda
1308 2164 1389 2206 hac
1419 2163 1689 2219 expeditione
1718 2179 1809 2220 per-

250 2236 419 2291 rexerit,
451 2237 588 2278 denuo
621 2251 643 2278 e
663 2235 872 2278 Strabone
904 2236 1052 2278 foedus
1079 2251 1103 2277 a
1121 2235 1300 2278 Lucullo
1327 2234 1646 2277 cumMachare
1676 2234 1810 2277 ictum
1843 2270 1848 2275 .

249 2308 397 2363 refert,
441 2307 554 2363 quod
590 2322 634 2349 re
671 2322 770 2349 vera
807 2307 957 2349 iisdem
995 2307 1150 2362 quibus
1187 2306 1352 2348 obsidio
1390 2303 1612 2363 Sinopes²)
1644 2308 1806 2362 tempo-

249 2378 369 2421 ribus
406 2379 568 2420 factum
606 2381 680 2420 est.
749 2377 885 2421 Simul
916 2377 1212 2434 cognoscimus
1243 2377 1408 2432 reliqua
1437 2376 1591 2432 omnia,
1621 2376 1667 2418 in
1696 2390 1805 2432 quae

249 2450 327 2492 has
365 2450 469 2492 duas
506 2449 728 2492 Strabonis
764 2449 994 2504 particulas
1031 2448 1176 2503 inepto
1219 2447 1313 2490 loco
1349 2447 1604 2490 Plutarchus
1647 2446 1807 2503 iniecit,

249 2536 337 2562 non
373 2520 612 2576 Strabonis,
649 2519 840 2562 Sallustii
878 2519 1013 2576 igitur
1049 2535 1151 2562 esse.
1217 2518 1469 2575 Prodigium
1499 2519 1660 2573 autem,
1691 2517 1806 2574 quod

248 2595 515 2649 transgresso
541 2591 806 2647 Euphratem
829 2590 1008 2633 Lucullo
1035 2590 1266 2648 contigisse
1290 2592 1498 2645 narratur,
1522 2588 1698 2632 minime
1717 2587 1805 2643 Sal-
1835 2626 1838 2628 Α

370 2768 405 2812 1)
432 2765 486 2802 Cf.
511 2766 609 2802 Flor.
634 2766 652 2801 I
676 2770 734 2811 40,
762 2770 822 2802 18:
863 2766 948 2801 ‘rex
972 2765 1130 2801 callidus
1155 2786 1203 2792 —
1228 2786 1273 2792 -
1298 2763 1424 2811 spargi
1450 2775 1581 2799 aurum
1612 2775 1635 2799 a
1658 2764 1804 2810 fugien-

250 2826 352 2861 tibus
379 2827 417 2861 et
441 2825 640 2871 pecuniam
665 2825 791 2870 iussit,
817 2835 892 2870 qua
917 2826 1114 2869 sequentes
1139 2825 1373 2861 moraretur.’

370 2886 405 2930 2)
432 2883 486 2920 Cf.
511 2884 647 2920 Memn.
674 2896 703 2920 e.
725 2888 780 2920 54.
