1976 3190
552 133 781 180 Fragmenta
805 135 958 170 58—60.
985 154 1030 160 —-
1055 133 1256 170 Enarratio
1276 138 1428 170 61-64,
1694 133 1779 176 135

71 214 84 232 .,
167 221 170 223 —
199 254 312 299 qm
349 230 619 300 Darda-niff)
662 242 794 285 etiam
818 223 994 285 ‘dicitur
1033 242 1110 298 (fn
1143 241 1239 300 61),
1283 242 1477 301 Sigeum,
1519 243 1595 286 Ida
1645 259 1782 301 1110118,

175 312 461 359 'Scamander
481 313 724 371 Simoisque
741 313 932 371 flumina,
958 313 1057 356 dein
1082 313 1234 372 (Mela
1259 311 1280 357 I
1299 314 1377 372 96)
1404 315 1616 359 ‘Rhoetea
1640 315 1782 373 litora,

201 383 399 429 Rhoeteo
442 387 487 428 et
523 385 740 429 Dardania
785 385 912 428 claris
955 385 1160 441 urbibus,
1202 385 1348 429 Aiacis
1391 390 1536 430 tamen
1581 387 1778 443 sepulcro

201 456 387 501 maxime
419 456 617 500 illustria.
666 455 738 500 Ab
770 456 839 499 his
869 457 922 499 fit
953 456 1089 499 artius
1120 472 1237 499 mare
1268 457 1346 515 (11.
1374 456 1450 515 62)
1480 473 1560 501 1166
1592 459 1678 502 iam
1710 459 1780 502 ad-

198 527 284 573 luit
314 531 464 585 terras,
495 528 570 572 sed
600 542 749 571 rursus
780 527 974 571 dividens
1005 531 1191 585 angusto
1223 528 1497 585 Hellesponti
1530 531 1642 573 freto
1675 530 1781 573 litus

199 599 379 644 obvium
402 600 529 643 findit
560 600 762 656 facitque,
791 602 842 642 ut
873 599 1031 642 iterum
1062 602 1215 654 terrae,
1249 615 1334 656 qua
1365 601 1473 654 fluit,
1504 602 1641 644 latera
1679 602 1777 645 sint.

197 669 296 731 (97)
325 670 514 715 Interius
544 671 726 728 Bithyni
759 674 860 714 sunt
892 674 935 714 et
966 671 1253 729 Mariandyni,
1285 672 1331 714 in
1362 687 1438 715 ora
1463 669 1615 716 Graiae
1647 675 1778 717 urbes

195 742 382 800 Abydus
419 746 463 786 et
492 743 779 800 Lampsacum
817 746 860 786 et
891 742 1067 786 Parium
1108 746 1151 786 et
1187 743 1414 821 Priapus..
1437 778 1444 786 .
1467 779 1504 787 ..
1538 743 1636 802 (98)
1668 745 1778 788 Tum

196 827 347 859 rursus
376 815 428 857 fit
459 814 652 870 apertius
689 829 806 857 mare
837 814 1092 871 Propontis3
1130 814 1177 857 in
1214 814 1258 857 id
1289 814 1499 858 Granicus
1531 816 1778 872 effunditur,

196 921 207 931 .
227 920 236 929 .
257 921 266 930 .
287 921 296 929 .
328 888 448 928 trans
493 900 664 930 amnem
707 886 828 929 sedet
871 886 917 928 in
960 885 1123 928 cervice
1168 901 1304 942 paene
1348 886 1514 929 insulae
1555 886 1777 945 Cyzicum3

193 970 343 1002 nomen
368 956 548 1013 Cyzicus
574 959 739 1011 indidit,
771 972 899 1014 quem
928 973 954 1000 a
978 957 1140 1014 Minyis
1166 957 1526 1016 imprudentibus,
1559 974 1656 1002 cum
1684 959 1776 1003 Col-

194 1029 300 1073 01108
323 1031 535 1086 peterent,
566 1030 711 1072 fusum
736 1029 826 1072 acie
849 1044 1105 1086 caesumque
1132 1030 1376 1086 accepimus
1512 1029 1641 1088 (101)
1663 1031 1775 1074 Dein

193 1099 361 1158 priores
404 1103 544 1144 terrae
587 1101 745 1144 iterum
789 1101 991 1144 obiacent
1035 1101 1280 1158 exiturique
1318 1102 1365 1144 in
1402 1102 1591 1145 Pontum
1630 1103 1775 1160 pelagi

193 1171 355 1216 canalis
379 1172 605 1230 angustior
628 1173 853 1229 Europam
884 1173 940 1216 ab
966 1172 1072 1216 Asia
1098 1173 1249 1216 stadiis
1281 1174 1471 1230 quinque
1503 1174 1775 1220 disterminat

191 1243 412 1302 Thracius,
445 1246 496 1288 ut
527 1244 689 1287 dictum
722 1248 806 1301 est,
843 1245 946 1288 Bos·
1080 1245 1276 1289 Va1.F1.
1302 1245 1365 1289 IV
1392 1247 1499 1290 727:

125 1347 128 1348 ν
189 1330 410 1373 porus....
430 1314 559 1374 (102)
572 1315 657 1359 Hic
671 1315 836 1375 iam**)
853 1332 946 1360 sese
1021 1317 1167 1374 ‘atque
1193 1318 1274 1361 hac
1292 1317 1515 1374 Europam
1539 1319 1677 1362 curvis
1699 1333 1772 1362 an-

190 1386 346 1446 ingens
369 1386 539 1431 Pontus
564 1388 718 1446 aperit,
748 1389 833 1432 nisi
860 1404 946 1445 qua
1134 1391 1339 1445 fructibus
1370 1393 1510 1447 urget,

191 1459 494 1516 promunturia
532 1463 651 1518 sunt,
690 1461 776 1503 huc
813 1463 944 1517 atque
1017 1462 1098 1504 hac
1110 1461 1261 1504 Asiam
1272 1461 1507 1517 Scythicum
1516 1463 1647 1517 specie
1655 1463 1772 1505 sinu-

190 1531 296 1575 illuc
324 1530 457 1589 longo
483 1534 687 1588 rectoque
711 1532 850 1575 limite
877 1548 946 1576 ex-
1139 1538 1234 1577 atus
1263 1535 1312 1576 in
1343 1548 1488 1577 arcum
1518 1533 1595 1592 (fr.
1623 1533 1711 1592 63).

189 1605 349 1662 tentus,
371 1604 566 1647 sinuatus
584 1608 725 1658 cetera,
749 1605 824 1647 sed
844 1605 945 1661 quia
1017 1605 1112 1649 Illic
1171 1606 1388 1649 umbrosae
1447 1620 1605 1661 semper
1659 1609 1773 1649 smnt

189 1677 340 1719 contra
362 1675 518 1732 minus,
543 1690 674 1732 quam
699 1677 753 1719 ad
777 1677 942 1720 laevam
1136 1693 1320 1734 aequore
1351 1678 1478 1721 nubes

188 1749 232 1791 et
257 1747 454 1791 dextram
472 1747 694 1805 abscessit,
719 1748 942 1792 mollibus-
1014 1748 1074 1791 Et
1104 1764 1192 1792 non
1224 1752 1339 1792 certa
1371 1749 1489 1792 dies.'

188 1833 273 1876 que
315 1819 504 1878 fastigiis
547 1819 684 1863 donec
733 1823 943 1878 angustos

189 1890 407 1948 utrimque
434 1879 620 1949 angulos
644 1891 775 1934 faciat
799 1891 943 1935 inflec-

188 1961 310 2019 titur,
333 1964 392 2006 ad
411 1965 596 2019 formam
615 1962 796 2018 Scythici
820 1978 943 2007 arcus

187 2033 375 2078 maxime
397 2034 616 2091 incurvos3
641 2035 784 2087 brevis‘,
811 2039 941 2088 atrox,

186 2104 414 2159 nebulosus,
433 2105 542 2150 raris
561 2106 835 2163 stationibus,
853 2123 942 2151 non

186 2177 309 2222 molli
343 2192 485 2236 neque
521 2178 732 2221 harenoso
765 2179 941 2222 circum-

186 2250 313 2293 datus
331 2249 472 2307 litore,
495 2250 658 2293 vicinus
677 2251 941 2305 aquilonibus
1072 2250 1224 2293 Amm.
1245 2252 1321 2293 46:
1354 2250 1504 2293 Omnis
1530 2255 1696 2294 autem.
1714 2286 1720 2293 .
1738 2287 1765 2293 ..

186 2320 263 2380 (fr.
284 2320 363 2379 64)
389 2324 434 2364 et
459 2321 561 2377 quia
585 2336 674 2364 non
699 2322 940 2378 profundus
1012 2322 1179 2365 Pontus
1205 2325 1249 2364 et
1273 2323 1490 2366 nebulosus
1516 2325 1582 2365 est
1608 2325 1652 2365 61
1677 2323 1766 2366 dul-

185 2383 266 2438 est'
292 2393 532 2438 fluctuosus
568 2396 701 2449 atque
742 2394 938 2436 fervens?
958 2411 964 2416 ·
1013 2394 1098 2437 οἱον
1117 2409 1342 2449 aequorum
1358 2395 1499 2437 ceteris
1513 2397 1556 2437 et
1570 2395 1766 2452 vadosus,

184 2523 356 2572 reliquiis
370 2522 612 2560 Sallustianis
633 2523 848 2570 vestiguum
867 2525 1026 2569 apparet
1045 2535 1214 2569 quasque
1235 2524 1405 2560 omisisse
1421 2523 1643 2559 Sallustium
1662 2524 1764 2560 credi

182 2573 320 2622 potest.
372 2571 446 2607 Sed
470 2571 593 2607 hunce
619 2571 735 2607 fuisse
760 2571 898 2617 peripli
923 2571 1027 2607 illius
1053 2571 1223 2607 ordinem
1249 2574 1416 2617 constat,
1443 2573 1485 2607 ut
1510 2571 1673 2617 primum
1698 2583 1765 2618 per

111 2642 114 2644 v
182 2621 471 2668 Hellespontum
495 2619 778 2665 Bosporumque
810 2621 942 2655 auctor
971 2619 1186 2665 veheretur,
1220 2619 1308 2656 dein
1339 2620 1420 2665 ipse
1451 2620 1592 2654 Pontus
1625 2620 1763 2655 deseri-

182 2671 347 2715 beretur,
371 2669 454 2703 tum
478 2668 601 2703 terrae
621 2668 742 2703 Ponto
769 2667 987 2703 adiacentes
1013 2670 1304 2714 exponerentur3
1331 2680 1406 2712 qua
1432 2668 1472 2702 in
1496 2679 1536 2702 re
1557 2669 1689 2703 auctor
1715 2669 1763 2703 ab

184 2716 379 2755 occidente
405 2715 456 2750 ad
481 2714 676 2760 orientem,
701 2716 783 2750 tum
809 2715 1104 2761 septentrionem
1122 2727 1251 2751 versus
1278 2715 1393 2750 litora
1412 2715 1764 2761 praetervehentem

184 2778 224 2803 se
247 2764 352 2810 fecit,
376 2764 567 2809 postremo
593 2763 700 2798 iuxta
726 2774 831 2798 oram
857 2763 1192 2810 septentrionalem
1219 2763 1258 2798 in
1284 2763 1474 2809 Europam
1499 2763 1665 2800 revertit.

297 2813 328 2859 =')
353 2811 410 2847 Ex
435 2810 678 2857 Theopompo
703 2811 775 2846 hoc
799 2811 970 2848 hausisse
991 2811 1194 2848 Sallustius
1220 2811 1372 2847 videtur
1386 2811 1537 2846 collato
1563 2811 1763 2848 Ammiano

182 2860 463 2955 m‘ss’Igsius
471 2906 583 2942 Ponti
595 2906 888 2953 descriptionem
897 2907 1038 2954 optime
1050 2907 1342 2953 acutissimeque
1351 2906 1521 2943 restituit
1527 2906 1761 2944 Mffllenhoff.

1797 245 1850 286 61

1795 460 1851 503 62

1786 1537 1843 1579 63

1781 2326 1838 2368 64
