1916 3178
779 147 1073 190 —35-

12 247 18 309 Ξ
83 246 231 324 ,ι ῗ-,ι’”
247 265 366 297 «11386
397 253 435 296 si
465 256 581 296 recte
613 252 938 309 disputavimus,
969 252 1100 294 etiam
1137 253 1407 311 intellegitur
1438 269 1513 296 cur
1545 269 1709 296 errores

10 316 16 384 Σ
80 315 140 362 '³⁵2
229 324 496 371 horribiles
532 324 801 368 committere
838 323 1030 380 potuerit
1067 323 1308 382 Appianus,
1340 325 1544 368 nimirum
1576 341 1710 381 aeque

271 395 345 441 in
373 396 669 440 coniuratione
696 395 946 442 Cat1l1nar1a
955 394 989 452 1)
1020 395 1157 437 “mlta
1182 395 1376 439 sallusm
1407 411 1495 439 non
1519 397 1710 453 percep*

7 503 8 506 ,
72 444 109 519 ξ’·
119 467 214 523 &l
234 467 345 511 falso
375 467 507 511 vertit
537 467 606 511 vel
635 482 734 510 cum
765 466 1015 509 abbreviare
1046 466 1176 509 vellet
1213 467 1339 523 plane
1372 468 1576 511 confudit.
1639 467 1709 511 Sic

67 538 270 593 mam
292 538 362 582 his
381 538 433 582 (16
453 537 567 582 bello
586 537 834 582 Sertoriano
855 538 1069 594 capitibus
1087 539 1307 594 nonnulla,
1333 555 1441 594 quae
1461 539 1707 582 taeterrime

61 607 317 659 ”22J-÷»umfusa
350 609 642 668 reperiuntur,
679 610 931 666 explicanda
974 624 1065 652 esse
1108 613 1226 666 puto.
1293 610 1426 669 Velut
1463 627 1497 654 c.
1533 613 1616 654 109
1655 611 1706 653 de

4 666 10 720 Ῐ
64 678 100 734 ²⁵„
131 680 348 729 Rbodano
372 697 422 725 ac
446 682 582 726 Pado:
619 684 666 726 οἳ
692 681 927 738 ἀνίσχουσι
957 679 1040 738 μὲν
1072 681 1120 725 ἐκ
1139 673 1240 725 ’τῶν
1261 680 1475 725 Ἀλπείων
1501 683 1620 739 ὀρῶν
1646 681 1708 727 οὐ

51 746 85 804 'fv
135 753 340 813 μακρὰν
377 752 450 798 ἐπ’
493 753 751 810 ἀλλήλων,
788 753 940 795 (16111(16
978 768 1011 796 6.
1047 754 1146 796 110-
1170 753 1221 795 (16
1252 768 1398 810 pugna
1429 752 1706 796 Sucronensi:

132 823 211 871 flul
249 825 584 882 συμβάλλουσιν
624 824 832 880 ἀλλήλοις
868 823 988 881 περὶ
1026 826 1183 868 πόλιν
1222 820 1251 881 ᾗ
1292 826 1433 880 ὄνομα
1477 826 1708 882 Σούκρων,

53 914 81 959 ,1Ἰ
131 906 398 954 quamquam
432 911 566 953 prope
608 896 770 939 flumen
807 895 1041 938 Sucronem
1077 909 1224 952 pugna
1261 895 1355 937 fuit.
1423 895 1526 938 Mox
1563 899 1708 938 autem

48 981 82 1023 j
95 1014 108 1022 ⁷,
131 966 338 1021 Metellus
367 967 549 1024 proelio.
563 967 810 1010 interfuisse
838 967 1111 1024 negligenter
1137 970 1508 1023 commemoratur,
1540 983 1585 1010 re
1611 983 1710 1010 vera

2 1057 4 1059 ’
60 1046 74 1090 ,ἦ
135 1039 322 1083 mitum
341 1053 384 1082 'a
420 1038 608 1083 Sucrone
646 1039 834 1095 spatium
871 1039 1042 1095 absens3
1086 1038 1237 1081 deinde
1276 1054 1373 1081 cum
1411 1039 1462 1081 de
1503 1039 1709 1095 Pompeio

56 1108 81 1121 ”
128 1110 262 1158 41116111
287 1110 465 1169 ’ἐτρώθη
491 1112 675 1168 δόρατι
701 1113 764 1163 εἰς
787 1112 866 1154 τὸν
891 1111 1034 1167 μηρὸν
1061 1110 1367 1166 ἐπικινδύνως,
1398 1111 1582 1166 pessime
1606 1111 1711 1153 haec

134 1182 332 1241 confudit
367 1198 466 1227 oum
507 1182 683 1226 vulnere
727 1182 903 1225 Metello
948 1182 1002 1224 ad
1039 1181 1297 1239 saguntium
1340 1181 1519 1239 illam)
1587 1182 1711 1224 Tales

132 1268 303 1299 errores
330 1269 421 1298 non
449 1255 563 1298 fonti
594 1255 685 1298 eius
711 1254 908 1313 (minime
933 1269 1035 1297 vero
1061 1252 1285 1311 Straboni)
1317 1254 1455 1296 addici
1486 1269 1611 1309 posse
1637 1254 1711 1296 sed

40 1342 59 1371 p
134 1325 219 1383 ipsi
260 1325 461 1384 Appiano
498 1327 715 1370 minorum
754 1341 899 1369 rerum
940 1325 1324 1383 neglegentissimo
1368 1328 1483 1368 recte
1520 1325 1711 1368 Buresch

43 1407 45 1409 ’
115 1397 293 1451 docuit.
353 1398 548 1441 Eandem
585 1399 641 1441 ob
681 1413 854 1441 causam
884 1397 1087 1440 Straboni
1119 1397 1424 1441 Sallustianam
1461 1397 1712 1439 memoriam

134 1469 383 1527 Appianum
412 1469 568 1512 debere
599 1469 735 1528 (quod
766 1469 939 1526 quidem
963 1484 1041 1525 per
1069 1484 1113 1511 se
1139 1469 1232 1510 fieri
1258 1467 1422 1525 potuit)
1452 1468 1713 1525 negaverim,

135 1541 430 1585 contenderim
459 1557 560 1584 vero
586 1540 780 1584 Sallustii
812 1556 945 1596 aeque
974 1555 1023 1599 ac
1049 1540 1390 1582 coniurationem
1417 1539 1710 1582 Catilinariam

135 1613 268 1657 etiam
297 1613 502 1657 historias
533 1613 588 1655 ab
619 1612 819 1669 Appiano
850 1613 984 1655 lectas
1016 1627 1119 1654 esse.

159 1710 176 1721 ..
252 1684 511 1728 Addendum
529 1687 595 1728 est
615 1684 741 1727 initio
756 1684 908 1740 capitis
924 1686 1006 1727 111
1025 1679 1243 1726 ‘summam
1257 1682 1504 1738 Appianum
1518 1683 1710 1725 omnium

135 1757 348 1805 bellorum
385 1756 510 1800 annis
549 1758 729 1800 76—72
762 1756 787 1798 i.
815 1771 850 1799 e.
882 1755 1124 1811 olympiade
1159 1756 1242 1798 176
1282 1757 1503 1812 gestorum
1541 1770 1709 1797 enume-

133 1844 247 1886 rare,
288 1843 419 1886 quam
460 1831 575 1872 certe
618 1843 706 1871 non
749 1827 972 1883 Sallustio,
1018 1826 1178 1870 Graeco
1222 1826 1368 1882 potius
1411 1826 1539 1868 alicui
1584 1826 1711 1881 scrip-

134 1899 221 1944 tori
230 1898 270 1958 3)
301 1900 440 1943 debet.

254 2009 281 2062 ξ
310 2008 350 2051 4.
418 2007 510 2051 Iam
547 2007 851 2065 aggrediamur
890 2007 943 2048 ad
972 2021 1045 2049 eos
1083 2006 1157 2062 qui
1196 2005 1390 2061 exempla
1430 2005 1711 2062 collegerunt,

14 2075 15 2078 ¹
84 2092 87 2094 ·
131 2070 403 2122 Valerium
432 2079 709 2122 Maximum
741 2082 784 2121 et
815 2078 1134 2120 Frontinum.
1163 2104 1217 2107 —
1252 2076 1316 2119 Ac
1341 2076 1529 2132 primum
1554 2076 1710 2118 Fron-

133 2143 276 2193 tinus
308 2150 482 2207 quidem
508 2151 752 2207 exemplum
777 2149 797 2192 Ι
825 2151 905 2204 10,
934 2151 971 2205 1,
997 2149 1112 2204 quod
1141 2152 1290 2191 notam
1318 2148 1437 2189 illam
1464 2148 1515 2189 de
1542 2148 1710 2190 duobus

121 2220 259 2278 'equis
277 2221 470 2265 fabulam
489 2222 633 2279 refert,
658 2221 862 2278 quoniam
882 2221 1013 2263 etiam
1033 2221 1077 2262 in
1097 2220 1239 2262 verbis
1259 2235 1356 2262 cum
1381 2219 1495 2261 Plut.
1523 2218 1630 2261 Sert.
1655 2221 1709 2262 16

134 2281 178 2336 et
196 2290 338 2336 Valer.
357 2293 469 2336 Max.
488 2292 593 2337 VH]
611 2295 652 2350 3,
672 2295 698 2337 6
731 2292 944 2350 congruit,
976 2307 998 2333 6
1025 2291 1229 2334 Sallustio
1256 2290 1417 2346 hausit3
1450 2291 1502 2332 ad
1535 2291 1710 2332 eandem

131 2379 226 2408 rem
269 2364 424 2408 alludit
467 2365 598 2408 etiam
641 2365 850 2408 Horatius
894 2364 1015 2420 epist.
1048 2362 1091 2406 H
1118 2365 1156 2419 1,
1181 2364 1246 2406 45
1290 2366 1333 2404 et
1376 2362 1544 2404 Plinius
1588 2362 1709 2417 epist.

132 2435 197 2480 ΙΠ
221 2437 268 2494 9,
295 2438 368 2493 11,
394 2451 502 2493 quos
528 2437 611 2479 hoc
636 2436 681 2479 in
701 2436 906 2479 Sallustio
932 2435 1090 2493 legisse
1114 2437 1233 2491 puto.
1262 2460 1316 2464 —
1343 2434 1508 2476 Deinde
1541 2432 1560 2475 I
1584 2435 1662 2488 10,
1683 2436 1709 2475 2

134 2505 207 2567 (de
237 2508 402 2566 proelio
427 2508 614 2565 quodam
639 2507 848 2566 equestri)
874 2511 1070 2551 accurate
1097 2506 1312 2550 consentit
1344 2521 1440 2548 cum
1464 2505 1710 2559 Plutarcho,

255 2678 291 2719 1)
315 2673 370 2710 Of.
396 2674 563 2710 Buresch
587 2673 629 2709 in
654 2674 876 2719 „comment
902 2673 1110 2710 Ribbeck.“
1136 2685 1173 2719 p.
1195 2676 1276 2708 232.

253 2737 291 2780 2)
316 2732 371 2772 cf.
397 2733 486 2771 Sall.
513 2734 558 2771 fr.
582 2734 618 2769 II
645 2738 705 2770 19:
743 2732 898 2770 ‘Avidis
923 2733 980 2769 ita
1005 2734 1120 2778 atque
1145 2732 1331 2778 promptis
1357 2730 1536 2775 ducibus,
1562 2731 1606 2766 ut
1630 2729 1707 2766 Me—

133 2793 251 2831 tellus
273 2793 355 2830 ictu
379 2793 554 2841 tragulae
580 2793 840 2830 sauciaretur-‚⁹

253 2855 290 2899 8)
314 2851 346 2888 E
372 2851 539 2889 Castoris
571 2852 874 2899 chronographia
898 2852 992 2889 haec
1017 2851 1168 2888 fluxisse
1194 2849 1338 2886 Arnold
1363 2849 1387 2886 l.
1409 2850 1433 2887 1.
1465 2861 1501 2895 p.
1525 2853 1592 2885 105
1618 2860 1707 2884 con-

133 2912 244 2957 iecit3
270 2913 336 2950 sed
360 2912 490 2959 potius
515 2912 562 2948 de
589 2911 775 2949 Strabone
799 2911 1043 2959 cogitandum
1073 2912 1140 2946 est.

1374 2969 1421 3006 3*
