1916 3178
767 159 1059 200 -43-

84 284 104 303 -e
224 263 507 310 lflallustium
549 278 776 321 usurpasse
819 264 996 307 fontem.
1070 264 1215 321 Atque
1260 281 1293 308 c.
1335 267 1419 309 116
1463 266 1514 308 (10
1557 266 1696 322 primo

71 317 411 404 *sunthorum
443 335 597 380 bellico
635 338 808 392 ornam,
845 351 943 379 cum
974 351 1092 379 arma
1123 337 1206 379 sibi
1244 353 1267 380 e
1299 337 1494 380 curribus
1526 337 1697 380 obviam

72 403 271 470 sutis
304 407 528 465 rapuerint
579 407 793 451 consentit
841 406 1083 464 Appianus:
1137 408 1211 452 καὶ
1260 417 1395 453 τινῶν
1444 409 1697 465 ὁδοιπόρων

54 470 278 538 moos·
313 478 387 524 καὶ
429 478 641 537 ξιφιδίοις
677 479 971 535 ὁπλισάμενος
1015 495 1111 522 011111
1149 480 1399 524 Plutarcho:
1443 480 1699 538 ἐντυχόντες

118 540 196 597 &⁴
213 552 324 596 κατὰ
359 551 443 607 τὴν
473 550 583 595 ὀδόν
618 566 655 594 κ.
687 565 724 593 τ.
755 553 814 602 λ.;
859 550 989 593 simul
1026 553 1172 593 autem
1209 551 1348 594 denuo
1385 551 1698 608 negligentiam

71 615 247 668 ffla'm
289 621 478 680 Appiani
522 621 707 665 latinum
753 625 972 665 auctorem
1019 623 1285 678 excerpentis
1332 623 1697 678 deprehendimus.

67 687 99 726 ²³⁴
122 690 321 740 &nudem
345 708 437 737 rem
460 692 591 751 longe
615 692 742 735 aliter
771 692 949 735 tradidit
968 692 1128 749 Livius,
1154 693 1204 736 cf.
1230 693 1339 736 Vell.
1366 693 1407 736 H
1433 696 1507 737 30:
1543 695 1698 750 raptis

62 788 73 808 κ
122 779 187 811 ex
222 780 279 809 ea
322 765 446 808 urbe
482 763 664 822 gladiis?
738 764 804 807 De
841 763 1120 807 multitudine
1157 764 1319 821 agresti
1356 765 1409 807 ad
1446 765 1698 821 Spartacum

48 843 70 893 ᾗ
124 839 383 896 properante
425 836 494 880 cf.:
549 837 664 879 ἔνθα
711 838 904 887 πολλοὺς
947 836 1357 893 ἀποδιδράσκοντας
1406 836 1576 888 οἰκέτας
1625 840 1702 880 καί

122 920 250 961 mag
280 907 547 967 ἐλευθέρως
578 907 626 951 ἐκ
655 914 745 951 τῶν
777 907 929 965 ἀγρῶν
959 908 1286 964 ὑποδεχόμενος
1317 923 1414 950 011111
1446 908 1559 951 Plut.
1592 924 1624 951 c.
1652 911 1696 952 9:

9 983 11 985 ’
124 979 202 1025 καὶ
229 982 577 1038 1προςεγίγνοντο
614 979 773 1023 πολλοὶ
809 987 899 1023 τῶν
931 977 1093 1023 αὐτόθι
1128 981 1331 1037 βοτήρων
1368 979 1441 1022 καὶ
1473 979 1698 1036 ποιμένων

46 1048 66 1115 s¹
122 1050 297 1108 ἃῦτοτς,
332 1054 520 1108 πλῆκται
557 1050 631 1095 καὶ
667 1052 883 1102 ποδώκεις
913 1052 1083 1108 ἄνδρες.
1145 1051 1210 1094 De
1243 1051 1361 1093 clade
1391 1051 1559 1094 Varinii
1592 1051 1698 1094 mire

120 1122 402 1168 'consentiunt
425 1122 650 1179 Appianus
674 1122 1031 1179 Plutarchusque,
1056 1138 1154 1165 cum
1179 1126 1360 1178 uterque
1386 1123 1517 1165 etiam
1542 1138 1699 1179 equum

43 1206 57 1252 j
122 1195 337 1253 praetoris
367 1211 393 1238 8
426 1195 624 1253 fugitivis
659 1198 833 1251 captum
868 1210 959 1238 esse
995 1198 1310 1238 cemmemoret.
1369 1195 1471 1237 Mox
1497 1195 1548 1237 de
1574 1198 1699 1237 aucto

125 1266 182 1310 inv
212 1267 403 1311 Lucania
445 1266 639 1324 Spartaci
689 1266 879 1309 exercitu
921 1266 1163 1323 Appianus:
1213 1267 1462 1326 Σπαρτάκῳ
1511 1264 1593 1322 μὲν
1637 1269 1700 1309 ἔτι

125 1342 298 1398 μᾶλλον
333 1337 492 1390 πολλοὶ
530 1340 752 1382 συνέθεον
783 1338 985 1396 congruit
1016 1353 1113 1381 cum
1143 1338 1272 1380 Floro
1303 1338 1330 1380 l.
1356 1338 1396 1394 l.,
1434 1338 1485 1380 cf.
1518 1337 1616 1380 Sall.
1649 1338 1699 1380 fr.

121 1409 265 1455 Vatic.
296 1411 375 1455 001.
399 1410 480 1454 VI:
518 1409 786 1468 ‘Augeretur
821 1425 1025 1453 numerus
1062 1410 1186 1454 lectis
1224 1409 1367 1465 viris',
1404 1410 1518 1465 quod
1555 1409 1699 1465 paullo

127 1483 240 1526 infra
269 1482 348 1526 col.
373 1481 620 1526 VH—VHI
651 1481 866 1538 copiosius
898 1485 1135 1538 enarratum
1167 1481 1212 1524 in
1243 1481 1348 1537 ipsis
1378 1496 1478 1523 vero
1510 1480 1700 1523 numeris

127 1554 329 1599 dissentit
364 1569 390 1597 a
425 1551 599 1611 Livio.¹)
665 1553 798 1596 Arma
835 1569 860 1595 a
898 1553 1097 1611 fugitivis
1142 1568 1233 1596 esse
1277 1555 1523 1609 comparata
1566 1552 1700 1610 (ὅπλα

128 1627 334 1685 ἐχάλκευε
379 1624 453 1670 καὶ
495 1625 779 1683 παρασκευὴν
825 1623 1084 1682 συνέλεγεν)
1133 1624 1333 1667 similiter
1372 1625 1504 1666 refert
1546 1624 1700 1666 Florus

126 1700 162 1753 g*
177 1699 219 1753 6,
249 1711 378 1754 quem
408 1697 524 1740 hunc
554 1696 697 1739 locum
735 1711 758 1738 0
795 1695 1000 1739 Sallustio
1038 1696 1232 1738 hausisse
1269 1710 1398 1751 supra
1430 1695 1592 1737 dictum
1624 1698 1700 1737 est.

126 1769 193 1813 De
229 1768 373 1826 priore
411 1771 557 1811 autem
594 1767 787 1824 Spartaci
825 1768 914 1810 vita
952 1767 1142 1825 graviter
1178 1767 1390 1822 discrepat
1421 1766 1645 1823 Appianus
1676 1782 1701 1807 a

125 1840 262 1897 Livio,
292 1841 345 1884 cf.
370 1839 483 1883 Flor.
509 1842 536 1894 ξ
556 1841 600 1883 8:
633 1839 721 1882 ‘ille
747 1839 799 1882 de
825 1839 1104 1896 stipendiario
1136 1839 1299 1881 Thrace
1325 1838 1460 1893 miles,
1486 1839 1537 1880 de
1563 1838 1700 1880 milite

126 1913 331 1968 desertor,
357 1912 409 1955 de
429 1911 645 1955 desertore
665 1911 789 1967 latro,
815 1911 967 1954 deinde
987 1911 1032 1953 in
1051 1911 1259 1954 honorem
1284 1909 1439 1952 virium
1460 1909 1703 1967 gladiator'‚

126 1987 277 2028 contra
305 1983 548 2041 Appianus:
587 1982 928 2041 ἐστρατευμένος
965 1980 1070 2026 ποτὲ
1095 1980 1342 2038 Ῥωμαίοις,
1382 1981 1429 2024 ἐκ
1467 1978 1516 2023 δὲ
1547 1981 1701 2037 αἰχμα-

125 2059 289 2108 λωσίας
329 2054 404 2100 καὶ
443 2055 644 2112 πράσεως
687 2054 737 2098 έν
780 2063 872 2106 τοῖς
908 2055 1179 2112 μονομάχοις
1223 2055 1303 2109 ὤν,
1346 2053 1462 2109 quod
1499 2052 1700 2108 quodam-

126 2127 255 2171 modo
281 2127 522 2171 consentire
547 2126 719 2169 videtur
743 2141 842 2169 cum
867 2125 1075 2169 Varronis
1108 2125 1180 2168 ‘de
1212 2125 1341 2167 rebus
1367 2124 1557 2166 urbanis'
1589 2124 1701 2180 frag-

128 2195 338 2256 mento²)2
383 2196 610 2254 ‘Spartaco
654 2197 883 2240 innocente
924 2196 1117 2240 coniecto
1158 2196 1212 2238 ad
1252 2196 1472 2253 gladium?
1536 2195 1700 2237 Deinde

126 2284 162 2315 0.
189 2270 273 2314 117
298 2269 525 2326 Appianus
556 2269 705 2312 eodem
737 2284 821 2325 quo
846 2269 1106 2312 Plutarchus
1137 2283 1278 2313 errore
1286 2266 1324 2325 3)
1353 2270 1500 2310 narrat
1527 2266 1701 2310 Crixum

123 2355 155 2386 8
190 2341 330 2386 Gellio
373 2340 548 2385 consule
592 2355 763 2384 caesum
807 2349 917 2396 esse,
960 2355 1058 2383 cum
1102 2339 1342 2383 accuratius
1390 2339 1480 2382 Liv.
1524 2354 1610 2394 per.
1644 2339 1700 2381 96

126 2402 354 2464 tradiderit
389 2412 436 2464 Q.
467 2411 644 2456 Arrium
679 2415 939 2469 praetorem,
976 2412 1049 2468 qui
1087 2412 1168 2454 sub
1205 2411 1344 2455 Gellio
1381 2410 1589 2453 militasse
1627 2424 1700 2465 pu-

126 2485 284 2529 tandus
315 2487 393 2542 est,
425 2499 523 2528 eum
547 2483 710 2527 vicisse.
761 2484 871 2527 Tum
897 2487 940 2527 et
965 2483 1119 2526 Florus
1151 2486 1195 2526 et
1219 2483 1443 2540 Appianus
1475 2482 1526 2524 de
1552 2482 1700 2524 funere

129 2557 246 2601 Crixi
277 2572 304 2600 a
333 2555 538 2613 Spartaco
576 2555 919 2612 splendidissime
950 2556 1100 2598 habito
1139 2558 1395 2612 congruunt,
1426 2569 1523 2596 cum
1553 2553 1702 2595 Livius

0 2606 4 2666 ¹.
55 2626 68 2686 η’
127 2628 255 2687 plane
297 2628 427 2671 aliam
469 2627 671 2671 habuerit
713 2627 981 2684 memoriam3
1033 2642 1134 2670 mox
1177 2627 1247 2670 cf.:
1290 2625 1362 2669 καὶ
1406 2626 1575 2682 χρυσὸν
1617 2621 1698 2680 μὲν

209 2837 211 2843 ,
249 2807 285 2851 1)
309 2803 364 2842 cf.
391 2804 496 2842 Oros.
516 2805 551 2841 V
570 2808 627 2849 24,
647 2808 668 2840 2
695 2805 735 2840 et
758 2804 875 2841 schol.
901 2804 951 2840 ad
975 2804 1062 2840 Luc.
1088 2804 1122 2839 11
1148 2806 1217 2839 554
1243 2802 1398 2848 (Usen.).

249 2867 286 2910 2)
310 2864 425 2912 Apud
451 2864 592 2901 Charis.
619 2876 656 2910 p.
679 2868 747 2900 133
759 2863 805 2900 K.

249 2927 286 2971 ³)
312 2923 385 2970 Qui
408 2923 667 2971 negligentiae
692 2923 840 2960 cuidam
868 2923 1041 2960 Sallustii
1066 2922 1329 2959 attribuendus
1354 2920 1438 2958 erit.
