2034 3184
1853 0 2034 156 W!

310 143 394 183 184
789 139 944 176 Sallusti
969 135 1223 176 Historiarum?
1243 141 1308 177 lib.
1330 112 1396 178 ivs
2005 124 2009 170 ἑ
2027 164 2034 190 ,1

267 262 288 293 9
310 264 488 305 regnum
519 248 742 303 petiverat,
772 248 961 290 hostium
993 263 1109 291 more
1140 265 1216 306 per
1246 250 1513 304 triumphum
1543 249 1711 293 duxere.
1764 249 1869 294 Asia

309 321 363 361 ab
401 319 507 374 ipsis
546 320 719 361 obsessa
763 322 845 375 est,
888 322 1106 374 postremo
1142 320 1393 375 Bithyniam
1429 319 1660 363 Nicomede
1699 323 1868 364 mortuo

310 390 536 446 diripuere,
569 405 664 432 cum
690 390 805 432 filius
829 389 961 447 Nysa,
994 405 1121 447 quam
1146 391 1337 449 reginam
1364 390 1667 447 appellaverat,
1697 391 1870 449 genitus

310 461 422 502 haud
454 461 584 503 dubie
616 464 740 503 esset.

247 544 287 573 10
424 531 537 574 Nam
581 532 683 587 quid
721 547 800 589 ego
844 548 911 574 me
949 533 1193 588 appellem?
1238 533 1372 584 Quem
1410 532 1647 576 diiunctum
1682 533 1870 590 undique

308 603 452 659 regnis
484 606 527 645 et
558 603 800 646 tetrarchiis
829 604 883 645 ab
910 604 1091 659 imperio
1118 619 1277 660 eorum,
1309 604 1409 660 quia
1434 605 1548 646 fama
1578 606 1670 647 erat
1694 603 1870 648 divitem

307 688 446 728 neque
472 674 729 716 serviturum
758 689 860 730 esse,
892 690 969 730 per
993 675 1270 718 Nicomedem
1302 675 1416 717 bello
1442 675 1756 733 lacessiverunt,
1786 689 1871 718 sce-

308 744 409 787 leris
435 760 582 787 eorum
607 746 721 787 haud
752 746 948 803 ignarum
981 750 1023 788 et
1055 760 1115 802 ea,
1146 761 1254 802 quae
1280 746 1480 802 accidere,
1510 748 1716 789 testatum
1746 749 1871 790 antea

311 815 536 872 Cretensis,
568 817 682 859 solos
709 817 899 859 omnium
923 817 1084 859 liberos
1116 832 1165 859 ea
1195 820 1462 874 tempestate,
1495 820 1538 860 et
1561 825 1708 874 regem
1732 817 1872 862 Ptole-

247 899 286 943 11
308 902 486 929 maeum.
548 887 692 943 Atque
726 903 805 944 ego
838 888 954 930 ultus
986 888 1162 930 iniurias
1186 888 1463 931 Nicomedem
1488 886 1694 944 Bithynia
1725 888 1871 944 expuli
1919 946 1923 948 Π

308 956 540 1012 Asiamque
584 958 771 1013 spolium
815 958 930 1015 regis
965 958 1169 1001 Antiochi
1207 959 1350 1014 recepi
1390 962 1433 1001 et
1471 958 1670 1002 Graeciae
1707 959 1872 1015 dempsi

250 1040 289 1070 12
310 1043 439 1084 grave
475 1028 705 1071 servitium.
767 1028 941 1085 Incepta
978 1044 1071 1071 mea
1108 1033 1352 1085 postremus
1389 1045 1607 1073 servorum
1637 1029 1874 1073 Archelaus

309 1099 499 1141 exercitu
524 1100 695 1155 prodito
722 1100 958 1156 impedivit,
984 1100 1144 1156 illique,
1175 1116 1284 1156 quos
1309 1101 1480 1158 ignavia
1505 1104 1579 1143 aut
1604 1115 1736 1157 prava
1761 1100 1873 1144 calli-

310 1170 433 1226 ditas,
464 1173 512 1212 ut
543 1171 650 1213 meis
680 1171 904 1214 laboribus
936 1171 1021 1214 tuti
1054 1175 1208 1227 essent,
1238 1172 1367 1214 armis
1398 1171 1621 1230 abstinuit,
1654 1172 1873 1216 acerbissi-

310 1257 400 1284 mas
426 1256 586 1297 poenas
613 1242 796 1298 solvunt,
820 1242 1092 1285 Ptolemaeus
1117 1242 1257 1298 pretio
1278 1243 1322 1285 111
1342 1243 1431 1285 dies
1453 1243 1616 1285 bellum
1641 1243 1874 1300 prolatans,

311 1312 534 1355 Cretenses
559 1313 803 1370 impugnati
831 1313 961 1356 semel
993 1313 1078 1355 iam
1108 1328 1246 1369 neque
1278 1314 1419 1369 finem,
1449 1314 1533 1356 nisi
1559 1314 1723 1357 excidio
1743 1302 1874 1369 {habi-

250 1397 289 1427 13
311 1384 408 1426 turi.
458 1384 671 1439 Equidem
697 1399 794 1427 cum
813 1384 918 1426 mihi
940 1385 994 1426 ob
1017 1385 1210 1439 ipsorum
1235 1385 1404 1427 interna
1428 1385 1540 1427 mala
1561 1385 1693 1428 dilata
1710 1384 1874 1445 proelia

310 1455 448 1512 magis
481 1470 609 1511 quam
641 1471 791 1511 pacem
823 1456 965 1497 datam
994 1455 1300 1512 intellegerem,
1332 1456 1547 1498 abnuente
1572 1456 1769 1514 Tigrane,
1800 1456 1874 1513 qui

311 1541 405 1568 mea
443 1527 556 1569 dicta
593 1541 687 1569 sero
725 1527 901 1582 probat,
941 1530 985 1568 te
1022 1529 1187 1569 remoto
1225 1527 1392 1582 procul,
1430 1526 1636 1587 omnibus
1668 1526 1764 1570 aliis
1801 1527 1874 1570 ob-

293 1586 464 1655 noxiis,
494 1613 641 1640 rursus
672 1601 816 1640 tamen
848 1598 1010 1641 bellum
1042 1598 1164 1653 coepi
1195 1597 1471 1654 Marcumque
1505 1597 1693 1654 Cottam,
1722 1597 1877 1642 Roma·-

310 1684 413 1712 num
445 1669 606 1724 ducem,
638 1669 754 1724 apud
780 1669 1046 1712 Chalcedona
1077 1672 1192 1711 terra
1222 1669 1326 1724 fudi,
1356 1669 1463 1711 mari
1495 1669 1594 1712 exui
1625 1669 1757 1712 classe
1781 1669 1874 1726 pul-

250 1751 291 1782 14
312 1740 529 1783 cherrima.
605 1740 736 1796 Apud
780 1740 980 1796 Cyzicum
1029 1755 1187 1797 magno
1237 1755 1332 1783 cum
1383 1740 1572 1782 exercitu
1615 1740 1661 1783 in
1689 1734 1873 1783 ‘obsidio
1918 1752 1920 1754 ·

310 1811 495 1853 moranti
521 1813 784 1854 frumentum
810 1811 957 1868 defuit,
988 1811 1107 1853 nullo
1134 1811 1293 1854 circum
1318 1811 1553 1867 adnitente3
1585 1811 1712 1854 simul
1735 1810 1874 1855 hiems

311 1882 417 1924 mari
443 1883 716 1937 prohibebat.
766 1882 833 1925 Ita
858 1882 948 1924 sine
975 1882 1016 1924 vi
1036 1882 1226 1924 hostium
1245 1882 1411 1940 regredi
1431 1884 1603 1925 coactus
1621 1881 1667 1924 in
1685 1881 1874 1939 patrium

312 1968 493 2009 regnum
517 1954 754 2010 naufragiis
782 1954 897 2008 apud
920 1952 1095 1995 Parium
1125 1955 1168 1994 et
1192 1953 1444 1996 Heracleam
1473 1952 1661 1996 militum
1685 1952 1874 2008 optimos

254 2038 289 2066 ιε»
313 2039 409 2066 cum
441 2025 649 2067 classibus
680 2025 812 2067 amisi.
874 2024 1094 2067 Restituto
1127 2024 1277 2066 deinde
1309 2024 1424 2079 apud
1456 2022 1654 2066 Cabiram
1685 2023 1875 2067 exercitu

313 2098 356 2137 et
387 2095 516 2137 variis
547 2095 660 2137 inter
684 2110 751 2137 me
777 2098 906 2150 atque
931 2094 1156 2137 Lucullum
1182 2094 1358 2150 proeliis
1383 2094 1531 2150 inopia
1554 2108 1701 2138 rursus
1724 2094 1876 2138 ambos

314 2166 502 2222 incessit3
535 2166 598 2208 illi
630 2167 804 2208 suberat
835 2180 1017 2222 regnum
1047 2165 1350 2208 Ariobarzanis
1385 2165 1499 2207 bello
1531 2165 1758 2220 intactum,
1793 2179 1874 2222 ego

314 2237 446 2279 vastis
484 2237 639 2280 circum
681 2237 881 2279 omnibus
918 2236 1023 2279 locis
1056 2237 1098 2279 in
1130 2236 1377 2279 Armeniam
1415 2236 1619 2292 concessi,
1655 2235 1900 2292 secutiquev

433 2353 776 2389 Testimonium:
814 2357 867 2388 15.
895 2353 1035 2388 Charis.
1062 2365 1096 2398 p.
1120 2357 1203 2389 119:
1237 2352 1436 2388 Sallustius
1461 2363 1608 2398 quoque
1633 2352 1874 2388 historiarum

315 2401 411 2436 libro
431 2401 497 2437 IV:
527 2401 640 2436 ‘inter
664 2411 723 2436 me
745 2430 751 2435 .
769 2429 775 2435 .
793 2429 822 2435 ..
844 2400 1023 2436 incessit.'

435 2510 489 2543 10.
517 2506 719 2553 Cretensis]
746 2506 938 2541 Cretenses
966 2507 1003 2541 V.

437 2559 490 2590 11.
518 2554 677 2600 dempsi]
704 2553 821 2588 demsi
849 2554 887 2589 V.

437 2606 490 2637 12.
518 2601 702 2648 habituri]
727 2600 881 2636 habitur
908 2601 946 2636 V.
1177 2628 1179 2631 Α

436 2654 490 2685 13.
517 2650 616 2696 cum]
642 2659 755 2693 quom
781 2649 815 2684 V
837 2649 950 2692 (sim).
978 2669 1021 2673 —
1049 2647 1301 2694 Chalcedona]
1328 2648 1565 2684 Calchedona
1591 2648 1632 2691 V,
1656 2647 1811 2684 Jordan.

437 2702 490 2732 14.
518 2697 686 2743 coactus]
709 2696 865 2731 conatus
892 2696 932 2739 V,
958 2707 1047 2731 corr.
1075 2696 1203 2732 Aldus.
1227 2717 1269 2721 —-
1291 2696 1392 2741 apud
1410 2694 1562 2731 Parium
1581 2696 1620 2730 et
1637 2693 1872 2741 Heracleam]

318 2747 355 2779 et
381 2745 482 2789 apud
506 2744 728 2780 Heracleam
752 2744 843 2779 com.
864 2743 1023 2782 Dietsch.

437 2796 490 2827 15.
519 2792 707 2838 Cabiram]
735 2790 915 2827 Caberam
941 2791 981 2834 V,
1007 2791 1166 2834 Dietseh,
1190 2791 1346 2835 Jordan,
1366 2789 1501 2826 Cabira
1522 2789 1661 2834 Carrio,
1687 2789 1805 2826 Kritz.
1828 2811 1870 2815 —

318 2839 486 2886 proeliis]
519 2840 569 2883 V,‚
589 2850 704 2884 prope
736 2839 780 2874 N
783 2837 958 2881 Charisii,
990 2839 1084 2882 quod
1114 2839 1231 2874 nescio
1260 2850 1312 2874 an
1341 2850 1384 2874 ea
1413 2850 1452 2874 ‘re
1476 2842 1594 2873 ortwm
1616 2838 1681 2880 sit,
1712 2838 1807 2882 quod
1831 2837 1873 2872 in

322 2887 481 2923 Charisii
505 2888 621 2923 eiusce
646 2887 805 2923 auctoris
828 2886 1026 2932 exemplari
1051 2885 1276 2922 Sallustiano
1299 2896 1414 2931 prope
1440 2884 1621 2921 Caberam
1644 2885 1812 2922 extiterit.

2027 191 2034 230 ἐ
