1916 3178
874 148 1164 190 -36—

244 254 427 308 sumpsit
464 253 598 309 igitur
640 253 745 294 haee
782 267 805 294 e
850 252 1063 295 Sallustio.
1102 277 1156 282 ——
1194 251 1215 294 I
1251 254 1328 307 11,
1371 254 1431 295 13
1467 252 1539 310 (de
1575 253 1672 296 alba
1706 253 1799 297 Ser-

244 324 345 365 torii
379 322 520 379 cerva)
551 323 612 364 ita
643 338 739 365 cum
771 322 908 366 Gellio
940 323 1021 366 XV
1045 325 1114 379 2Ο,
1146 323 1258 365 Plut.
1290 322 1397 365 Sert.
1432 325 1482 366 11
1518 327 1561 366 et
1590 326 1660 379 20,
1688 324 1799 380 App.

244 393 264 435 I
292 395 389 450 110,
419 394 512 436 Val.
539 394 648 435 Max.
679 392 700 435 I
725 395 765 448 2,
789 396 818 436 4
849 394 1076 450 conspirat,
1106 397 1155 435 ut
1186 409 1270 436 una
1295 408 1391 436 cum
1421 393 1489 436 his
1520 394 1801 450 scriptoribus

245 465 297 505 ad
346 464 597 506 Sallustium
653 465 807 507 redeat.
886 465 1142 507 Frontinum
1195 468 1238 506 et
1285 464 1504 507 Valerium
1552 465 1662 508 hanc
1709 480 1800 508 rem

243 535 534 590 exemplorum
559 535 799 577 collectioni
831 535 998 578 cuidam
1030 536 1182 577 debere
1213 534 1415 591 Fritze1),
1432 535 1674 591 nuperrime
1704 550 1799 580 eon—

244 605 398 661 tendit3
437 621 533 647 cum
570 621 669 648 vero
707 606 841 666 ipsius
872 605 1033 647 Valerii
1070 605 1199 647 verba
1230 621 1316 647 non
1347 606 1432 646 iam
1463 609 1649 663 exstent,
1684 606 1800 650 iusto

243 676 441 718 audacius
473 692 564 718 esse
595 676 701 718 mihi
732 676 918 732 videtur,
949 676 985 717 si
1016 676 1129 718 hunc
1163 679 1206 717 et
1237 676 1492 718 Frontinum
1522 676 1658 719 artius
1687 676 1800 720 inter

244 762 288 788 se
327 747 551 789 cohaerere
589 763 716 802 quam
759 750 923 789 ceteros
960 746 1189 802 scrip'tores
1227 750 1475 798 statuamus.
1514 773 1569 778 —
1607 737 1799 795 Eandem

243 833 333 860 rem
374 822 521 860 narrat
564 819 693 860 etiam
731 818 931 859 Plinius
967 833 1007 859 n.
1040 818 1079 859 h.
1111 817 1214 860 VIII
1248 820 1343 872 117,
1383 818 1504 860 cuius
1534 816 1731 875 index²)‚=
1759 819 1798 861 si

241 889 436 931 Flavium
464 887 740 945 Prociliumss)
773 888 1022 943 omittimus,
1053 887 1262 944 nullum4)
1294 889 1468 930 exhibet
1498 889 1598 931 talis
1627 889 1798 931 fabulae

244 963 461 1001 auctorem
492 960 576 1002 nisi
601 959 896 1001 Fenestellam.
948 959 1171 1007 'Fortasse
1187 959 1322 1015 igitur
1351 959 1517 1001 Plinius
1546 960 1591 1002 id
1616 975 1638 1002 e
1668 959 1798 1002 Fene-

243 1031 385 1085 stella,
416 1030 657 1072 Fenestella
689 1046 710 1071 e
742 1029 944 1072 Sallustio
977 1030 1196 1084 excerpsit.

359 1101 379 1142 I
402 1104 473 1156 12,
498 1103 526 1143 4
552 1101 602 1142 de
627 1101 823 1157 prodigio
850 1101 963 1155 quod
989 1100 1177 1143 Sertorio
1203 1116 1314 1142 anno
1343 1101 1398 1143 75
1423 1101 1618 1158 contigit,
1630 1100 1799 1159 Livio‘5)

245 1171 389 1213 deberi
427 1173 550 1214 docet
582 1171 830 1227 Obsequens
867 1187 899 1213 c.
933 1172 1000 1214 60.
1040 1197 1095 1201 --
1133 1171 1180 1213 II
1209 1174 1251 1227 1,
1283 1174 1310 1214 2
1348 1187 1431 1227 quo
1474 1171 1615 1214 clades
1657 1172 1799 1228 aliqua

240 1242 445 1284 Hirtuleii
482 1245 697 1296 narratur,
734 1242 787 1283 ad
823 1242 1033 1297 proelium
1070 1242 1182 1297 apud
1212 1241 1405 1284 Italicam
1435 1243 1548 1284 inter
1577 1243 1799 1285 Metellum

241 1317 368 1368 atque
394 1313 657 1355 Hirtuleium
683 1313 956 1355 commissum
987 1313 1200 1368 pertinere
1225 1313 1404 1368 videtur,
1436 1329 1532 1356 cum
1557 1314 1611 1356 ad
1635 1314 1679 1356 id
1704 1314 1799 1357 ‘fer-

239 1384 506 1426 vidissimum
537 1387 639 1425 tunc
669 1386 838 1438 tempus
870 1383 992 1424 anni'
1023 1399 1110 1425 non
1141 1384 1282 1425 minus
1307 1398 1435 1439 quam
1465 1385 1603 1427 facilis
1633 1384 1797 1427 Metelli

238 1454 417 1496 victoria
442 1454 633 1509 quadret,
659 1454 808 1495 deinde
835 1469 930 1495 cum
958 1469 1103 1510 pugna
1128 1454 1398 1510 Segoviensis
1429 1454 1486 1512 (v.
1512 1454 1644 1512 infra)
1672 1456 1798 1512 plane

239 1525 364 1566 aliter
401 1527 523 1580 gesta
560 1525 627 1566 sit.
667 1550 722 1554 —
760 1523 806 1566 II
838 1526 883 1579 3,
915 1524 1052 1582 5A(de
1089 1525 1223 1566 altera
1254 1514 1458 1566 Hirtuleii
1490 1525 1639 1583 clade),
1669 1526 1743 1568 ubi
1775 1541 1798 1568 e

239 1596 397 1637 verbis:
430 1596 506 1636 ‘eo
537 1595 719 1650 proelio,
750 1610 834 1650 quo
866 1596 1129 1638 Hirtuleium
1161 1596 1336 1638 devicit'
1369 1599 1411 1637 et
1443 1611 1494 1638 ex
1524 1597 1618 1653 ipso
1649 1600 1798 1639 strate·-

240 1669 426 1723 gemate,
469 1680 552 1721 quo
597 1666 734 1708 elucet
778 1667 1011 1708 exercitum
1047 1660 1366 1708 Hirtuleianum
1403 1667 1635 1722 ducemque
1671 1667 1797 1723 plane

239 1737 426 1779 deletum
452 1736 516 1791 iri,
541 1737 731 1779 conicere
762 1737 874 1792 licet,
906 1738 1014 1779 hanc
1040 1753 1131 1779 esse
1156 1753 1345 1794 pugnam
1370 1737 1682 1794 Segoviensem.
1731 1737 1797 1780 De

239 1807 461 1862 utriusque
493 1807 675 1862 exempli
707 1807 869 1864 fonte6)
907 1824 1003 1850 cum
1040 1809 1094 1850 ab
1132 1808 1227 1849 aliis
1258 1808 1538 1863 scriptoribus
1573 1809 1698 1864 plane
1730 1809 1797 1851 de-

239 1878 382 1919 stituti
415 1877 560 1933 simus,
590 1878 699 1919 nihil
731 1879 868 1920 dicere
901 1879 1047 1920 ausim.

355 1948 402 1990 II
428 1949 472 2003 5,
499 1950 557 1991 31
599 1948 670 2006 (de
707 1949 869 2003 proelio
907 1950 1170 1992 Lauronensi
1209 1953 1251 1992 et
1291 1954 1428 1992 morte
1468 1950 1603 1992 Laelii
1642 1949 1796 2007 legati)

240 2019 471 2061 secundum
496 2018 746 2061 Sallustium
773 2023 992 2062 narratum
1018 2024 1100 2076 est;
1125 2024 1238 2063 recte
1265 2022 1377 2063 enim
1402 2020 1643 2078 Wolffliffl)
1667 2021 1796 2064 verba

240 2088 518 2148 ς(Ηὶερειῐιοε)
551 2116 604 2119 -
639 2116 693 2119 —
731 2089 975 2146 aptissimos
1006 2091 1059 2132 ad
1084 2092 1198 2138 furta
1224 2092 1456 2134 bellorum'
1487 2107 1510 2133 e
1536 2091 1795 2135 Sallustiano

240 2175 319 2202 usu
358 2160 522 2202 dicendi
555 2161 805 2216 deprompta
836 2177 927 2203 esse
958 2162 1113 2204 collato
1145 2163 1194 2204 fr.
1226 2162 1246 2204 I
1273 2164 1346 2206 86:
1387 2163 1537 2214 ‘metu‘
1564 2162 1707 2219 gentis
1743 2162 1804 2212 ad⁵

239 2232 354 2273 furta
391 2231 493 2272 belli
519 2232 806 2293 *peridoneae'
843 2232 1066 2274 intellexit.
1107 2259 1160 2262 —
1193 2233 1338 2274 Etiam
1375 2233 1612 2288 in-proelio
1645 2232 1795 2276 descri-

359 2349 394 2392 1)
419 2346 504 2392 „De
528 2348 600 2382 Iuli
626 2347 795 2384 Frontini
821 2349 1116 2393 strategematon
1141 2349 1236 2385 libro
1262 2349 1342 2384 lV“
1369 2349 1472 2395 (diss.
1498 2349 1582 2386 Hal.
1609 2351 1726 2396 1888).

357 2407 394 2451 2)
422 2405 475 2442 Cf.
501 2406 628 2440 Brunn
653 2406 676 2441 l.
703 2406 726 2442 l.
753 2418 788 2451 p.
812 2411 867 2442 14.

359 2467 395 2510 3)
422 2465 475 2500 De
501 2476 574 2510 quo
600 2465 645 2500 cf.
673 2465 853 2510 Sprengel
878 2466 918 2501 in
941 2466 1036 2501 Mus.
1062 2466 1180 2503 Rhen.
1206 2467 1321 2502 XLVI
1343 2479 1380 2512 p.
1402 2471 1456 2503 69.
1614 2514 1618 2518 ,

356 2525 393 2569 4)
418 2523 501 2559 Nisi
532 2523 628 2560 forte
660 2524 831 2560 Sallustii
867 2536 1003 2561 nomen
1039 2525 1080 2559 in
1112 2525 1237 2562 indice
1275 2525 1511 2560 librariorum
1548 2525 1659 2570 culpa
1695 2525 1791 2561 exci-

240 2582 339 2618 disse
365 2584 485 2629 putas.
1436 2584 1438 2586 ’

355 2645 392 2687 5)
417 2641 622 2678 Levissime
646 2642 792 2678 Bludau
822 2643 898 2687 „de
929 2643 1096 2678 fontibus
1122 2643 1319 2679 Frontini“
1350 2643 1522 2688 neglecto
1551 2642 1789 2688 obsequente

240 2701 311 2735 hoc
337 2701 547 2746 exemplum
572 2700 750 2736 Sallustio
775 2700 991 2737 vindicavit.
1564 2711 1572 2717 ”

357 2764 391 2804 6)
416 2759 602 2795 Nimirum
632 2760 795 2806 Bludau,
834 2771 1060 2805 quamquam
1094 2761 1227 2805 quibus
1268 2762 1315 2796 de
1344 2760 1481 2807 pugnis
1519 2760 1578 2796 his
1611 2761 1790 2807 exemplis

239 2820 375 2864 agatur
399 2818 534 2863 nescit,
559 2820 687 2854 tamen
711 2819 806 2856 bene
831 2819 904 2856 scit
927 2831 972 2855 ea
997 2831 1017 2855 e
1043 2820 1223 2856 Sallustio
1248 2821 1384 2856 hausta
1409 2831 1500 2855 esse.

358 2879 393 2922 7)
417 2877 541 2912 Herm.
568 2878 618 2912 IX
642 2891 678 2923 p.
699 2883 754 2922 82,
781 2878 840 2913 cui
867 2889 1038 2915 assensus
1065 2881 1122 2915 est
1146 2879 1302 2916 Bludau.
