1976 3190
251 193 333 233 132
724 190 879 226 Sallusti
903 190 1153 226 Historiarum
1177 190 1242 226 lib.
1262 190 1323 226 ΠΙ.
1388 227 1396 234 ,

883 340 1163 386 Fragmenta.

366 415 442 460 52.
503 415 626 457 Fine
658 415 926 472 inguinum
956 416 1319 473 ingrediuntur
1349 429 1493 457 mare.

364 532 468 577 App.
514 533 578 578 (III
599 536 642 567 77
655 532 699 577 D,
727 536 771 567 94
785 532 828 577 K,
855 536 900 567 50
914 532 956 577 G,
982 533 1016 567 H
1034 545 1068 578 p.
1091 536 1158 567 119
1172 533 1246 577 Br.)
1267 553 1310 557 —
1330 532 1436 566 Arus.
1456 543 1492 576 p.
1512 533 1591 566 4⁷5.
1613 551 1657 557 -—-
1677 530 1799 568 Schol.

247 579 367 614 Vatic.
395 579 598 625 (Phylarg.)
625 580 673 614 ad
699 579 831 625 Georg.
858 580 910 614 III
930 583 984 615 53.

365 655 529 694 Comm.
591 656 692 695 Miro
723 656 839 695 modo
865 656 1038 707 Dietsch,
1070 656 1140 705 qui
1171 655 1396 705 suspicatus
1427 656 1487 693 est
1517 655 1564 693 de
1594 654 1800 705 piscatori-

245 715 318 753 bus
350 715 582 764 Byzantinis
616 710 682 768 (cf.
709 715 756 753 fr.
783 710 858 768 66)
890 715 1009 754 verba
1041 715 1147 753 dicta
1179 727 1278 765 esse,
1320 726 1468 753 errasse
1500 714 1598 751 mihi
1626 714 1802 764 videtum

245 787 416 824 namque
448 775 663 824 piscatores
695 776 767 812 aut
792 788 811 812 e
837 774 1024 812 lintribus
1049 774 1255 823 piscantur
1286 775 1357 811 aut
1388 786 1434 811 ex
1462 775 1580 823 terra,
1612 773 1680 812 scd
1703 786 1801 812 num

244 834 322 883 ipsi
347 833 388 871 in
414 834 636 883 Bosporum
661 833 828 884 ingressi
855 833 945 884 sint,
970 833 1222 883 vehementer
1246 832 1402 882 dubito,
1434 832 1568 882 potius
1593 832 1640 871 de
1664 845 1802 884 pugna

245 892 382 942 aliqua
420 893 486 943 agi
523 895 691 942 apparet
727 893 768 930 in
806 892 921 930 litore
960 892 1177 931 commissa.
1240 891 1369 937 Quare
1401 904 1480 930 non
1511 891 1686 930 alienum
1717 903 1799 931 esse

244 953 355 1002 puto,
388 952 422 990 si
447 952 497 990 ad
521 964 699 1003 pugnam
725 964 748 989 a
773 951 941 989 Lucullo
973 964 1064 989 cum
1089 951 1212 990 classe
1237 950 1404 989 Pontica
1433 950 1680 990 commissam
1703 950 1800 990 haec

244 1011 463 1062 referimus,
490 1024 570 1060 qua
595 1011 741 1048 milites
767 1010 935 1049 navibus
961 1010 1107 1061 egressi
1132 1010 1463 1059 circumvectique
1489 1009 1660 1048 insulam
1679 1021 1800 1048 naves

245 1070 418 1108 hostium
451 1070 499 1108 ad
531 1070 628 1107 litus
662 1070 850 1119 appulsas
882 1082 905 1107 a
937 1071 1048 1120 tergo
1081 1069 1258 1120 aggressi
1289 1070 1392 1107 sunt.

364 1183 440 1228 53.
500 1184 775 1239 Postquam
807 1198 1045 1240 egressus
1076 1183 1352 1240 angustias.

362 1289 468 1334 App.
520 1289 584 1334 (III
603 1293 647 1323 33
661 1289 706 1333 D,
732 1292 776 1323 36
790 1288 834 1334 Κ,
862 1292 905 1322 22
918 1288 960 1333 Gr,
986 1288 1020 1322 H
1044 1300 1079 1333 p.
1102 1292 1169 1323 126
1181 1288 1256 1333 Br.)
1283 1309 1327 1313 —
1354 1287 1459 1323 Arus.
1485 1299 1521 1333 p.
1541 1291 1622 1324 469.

364 1364 529 1404 Comm.
591 1365 813 1416 Angustiae
840 1365 1030 1415 quoniam
1055 1378 1133 1403 non
1157 1365 1289 1403 minus
1320 1364 1424 1416 freti,
1457 1377 1578 1414 quam
1608 1364 1803 1404 montium

243 1425 417 1476 intelligi
442 1427 618 1475 possunt,
651 1437 741 1463 cum
766 1424 918 1463 Kritzio
945 1424 995 1462 ad
1019 1424 1243 1474 Bosporum
1274 1426 1450 1473 spectare
1475 1424 1597 1462 verba
1622 1423 1806 1463 Sallustii

245 1484 378 1522 malim
417 1497 536 1534 quam
570 1484 620 1522 ad
651 1485 805 1523 montes
837 1483 1085 1534 Cabirenses,
1124 1483 1232 1533 quod
1267 1483 1429 1532 putavit
1458 1482 1639 1533 Dietsch;
1675 1495 1804 1534 neque

244 1543 349 1581 enim
388 1543 573 1582 Oabiram
609 1556 680 1593 per
717 1542 923 1594 angustias
960 1543 1175 1581 Lucullum
1212 1543 1435 1592 profectum
1472 1554 1556 1581 esse
1591 1541 1805 1583 memoriae

244 1602 439 1641 traditum
470 1604 539 1641 est.

363 1704 439 1749 54.
512 1705 636 1748 Nam
686 1705 774 1760 qui
824 1720 973 1746 enare
1023 1704 1194 1747 conati
1237 1704 1463 1761 fuerant,
1512 1704 1606 1746 icti
1649 1718 1803 1760 saepe

243 1776 550 1833 fragmentis
581 1776 784 1818 navium
815 1779 902 1817 aut
933 1775 1142 1817 adflicti
1168 1769 1314 1817 alv'os
1339 1775 1583 1817 undarum
1607 1775 1656 1818 vi
1681 1774 1804 1818 mul-

243 1851 355 1889 cato
387 1847 533 1890 foede
565 1862 780 1902 corpore
811 1849 1071 1902 postremo
1103 1846 1395 1888 interibant
1426 1849 1602 1888 tamen.

360 1953 466 1997 App.
518 1952 582 1997 (ΠΙ
601 1956 646 1987 24
659 1952 702 1996 D,
731 1955 775 1986 25
790 1951 833 1996 K,
861 1955 904 1986 62
920 1951 962 1996 G,
988 1951 1022 1985 II
1045 1963 1080 1996 p.
1104 1954 1170 1985 105
1184 1951 1258 1996 Br.)
1283 1972 1331 1976 —
1354 1950 1498 1986 Nonius
1518 1950 1571 1986 IV
1593 1962 1629 1996 p.
1649 1953 1731 1986 406.
1757 1971 1801 1976 —

242 2000 348 2035 Arus.
369 2012 404 2045 p.
425 2003 512 2035 456:
541 1999 699 2034 ‘adflicti
720 2028 726 2034 .
743 2028 750 2034 .
768 2028 774 2034 .
791 2028 797 2034 .
819 1998 1052 2034 interibant.'
1074 2002 1085 2041 Η
1103 1998 1340 2045 fragmentis]
1360 1997 1556 2037 frumentis
1575 1998 1690 2042 codd„
1711 2008 1802 2035 corr.

243 2048 410 2083 Mercier.
440 2069 481 2073 —
509 2048 590 2093 aut]
616 2048 659 2081 ut
687 2047 775 2082 Gen.
785 2047 835 2081 H.
863 2067 906 2071 —
933 2045 1054 2092 alvos]
1081 2045 1182 2080 asuis
1207 2047 1308 2081 codd.
1335 2046 1472 2090 Nouii,
1503 2045 1630 2080 alveos
1654 2045 1700 2080 N
1703 2046 1799 2081 Aru·

241 2096 351 2138 siaui,
378 2095 498 2138 Kritz,
524 2106 613 2130 corr.
634 2094 795 2137 Dietsch‚
821 2093 938 2128 alveis
965 2094 1132 2129 Mercier.
1163 2114 1202 2118 -
1229 2093 1284 2139 vi]
1309 2092 1387 2128 vim
1411 2093 1590 2137 LNom’i,
1613 2103 1680 2128 om.
1701 2091 1800 2128 Aru-
1828 2090 1832 2100 ⁸

216 2151 219 2160 ¹
240 2143 379 2177 siamus.
407 2163 450 2167 -
475 2141 657 2187 mulcato]
683 2141 846 2176 malcato
873 2141 917 2175 N
919 2141 1028 2176 Arus.
1062 2162 1105 2166 -—
1137 2139 1262 2187 foede]
1288 2140 1360 2175 fide
1386 2140 1706 2184 LHGeu.Nom'i‚
1731 2150 1799 2176 om.

241 2190 463 2225 Arusianus.
490 2210 534 2215 —
559 2189 764 2234 postremo]
790 2189 1018 2233 postremum
1043 2188 1403 2232 LHBamb.N0m·i‚
1427 2198 1494 2223 om.
1514 2187 1736 2223 Arusianus.
1754 2208 1798 2213 ——

241 2236 463 2282 interibant]
489 2236 713 2280 Arusianus,
739 2235 902 2270 interent
927 2236 1027 2270 codd.
1049 2235 1178 2279 Nouii,
1202 2234 1377 2270 interiere
1403 2235 1572 2279 Mercier,
1596 2235 1712 2281 vulyo.

360 2312 524 2351 Oomm.
575 2312 638 2350 Ad
658 2312 895 2362 Cyzicenum
914 2312 1044 2350 nescio
1072 2311 1178 2361 quod
1202 2311 1460 2362 naufragium
1481 2311 1604 2362 vulgo
1627 2310 1800 2350 refertur

241 2373 526 2423 fragmentum3
554 2371 621 2410 sed
647 2372 698 2409 ad
716 2371 959 2410 Mithridatis
985 2370 1241 2422 naufragium
1260 2370 1302 2408 in
1321 2370 1449 2409 Ponto
1476 2371 1666 2421 exortum,
1693 2369 1799 2420 quod

241 2445 367 2469 unum
393 2430 607 2469 Sallustius
633 2430 822 2481 narravit,
855 2432 1032 2480 spectare
1058 2430 1191 2480 verba,
1223 2435 1467 2480 quamquam
1491 2442 1563 2479 per
1586 2442 1626 2468 se
1651 2429 1798 2468 intelli·-

240 2491 360 2541 gitur,
391 2491 619 2538 fhuymeutis
649 2490 811 2527 navium
836 2489 1153 2528 commemoratis
1179 2488 1301 2527 etiam
1324 2489 1410 2528 veri
1435 2488 1604 2527 similius
1627 2488 1797 2540 videtur,

240 2551 288 2590 cf.
320 2550 425 2587 Plut.
458 2562 495 2588 c-
518 2550 589 2587 13:
632 2546 678 2586 τὰ
719 2545 790 2599 μὲν
827 2546 1063 2600 ἀφηρπάγη,
1103 2546 1149 2586 τὰ
1187 2542 1224 2586 δ’
1264 2545 1466 2599 ἐβυθίσθη
1503 2552 1581 2585 τῶν
1619 2552 1797 2598 σκαφῶν,

239 2615 345 2646 πᾶσα
382 2603 419 2646 δ’
453 2605 477 2658 ἡ
515 2606 684 2657 παραλία
720 2611 796 2645 τῶν
834 2607 1035 2659 ναυαγίων
1071 2604 1343 2659 ἐκφερομένων
1382 2604 1459 2645 ὑπὸ
1493 2611 1563 2645 τοῦ
1594 2605 1796 2652 κλύδωνος

240 2666 302 2706 ἐπὶ
332 2665 476 2714 πολλὰς
507 2663 654 2719 ἡμέρας
684 2660 736 2718 ἦν
767 2665 988 2717 περίπλεως.

361 2781 469 2825 55*.
531 2779 750 2835 Triplici
781 2756 958 2822 fluens.

358 2887 462 2931 App.
515 2885 579 2931 (IV
599 2889 642 2919 23
656 2885 700 2929 D,
727 2888 771 2919 38
785 2883 829 2929 K,
857 2887 899 2919 18
915 2884 956 2929 Gr,
982 2885 1017 2919 ΙΙ
1037 2897 1071 2930 p.
1094 2860 1162 2920 209
1176 2885 1250 2930 Br.)
1271 2906 1318 2911 —
1337 2883 1436 2920 Serv.
1464 2882 1591 2930 (schol.
1611 2881 1720 2929 Dan.)
1746 2882 1796 2918 ad

240 2934 330 2969 Aen.
351 2934 367 2968 Ι
388 2937 472 2969 116:
501 2933 616 2976 ‘quod
643 2932 775 2967 Graeci
799 2930 995 2976 τρικυμίαν
1021 2933 1225 2978 appellant,
1252 2934 1295 2967 ut
1321 2931 1536 2967 Sallustius’
1564 2942 1594 2967 e.
1615 2942 1649 2976 q.
1671 2942 1698 2967 Β.

1962 966 1976 1016 ..εκ
1944 510 1976 958 s.'.*nfi,fflfflfl{ssl⁶ffiij-aeoeze..'
1962 437 1976 465 .»·.
1965 411 1974 418 s
1969 394 1972 399 -
1964 368 1966 370 ·
1952 272 1954 278 ”
1949 227 1956 231 ’
1955 202 1960 206 ”
