1916 3178
866 123 1038 165 -25
1104 147 1155 152 --

235 233 426 272 versatus
458 231 565 284 erat,
597 230 777 270 exeunte
808 243 918 271 anno
947 229 1001 271 76
1033 214 1369 284 septentrionem
1400 242 1546 270 versus
1577 227 1792 283 profectus

236 304 312 357 est,
344 303 391 343 ut
422 315 518 342 cum
544 299 748 354 Pompeio
775 314 819 342 se
844 299 1132 356 coniungeret.
1189 299 1279 349 Quo
1306 299 1351 340 in
1376 297 1528 340 itinere
1552 298 1792 343 Hirtuleius

235 372 273 414 ei
305 371 521 414 obstitisse
547 369 725 426 videtur,
757 370 830 412 sed
855 385 880 412 a
900 370 1074 412 Metello
1099 369 1272 412 Italicae
1297 369 1435 411 victus
1466 368 1580 426 est.¹)
1638 369 1791 413 Falsis-

235 442 339 484 sime
371 457 470 484 vero
509 441 589 483 viri
627 440 799 496 quidam
837 439 994 497 dooti2)
1030 441 1139 483 hanc
1170 440 1357 483 Hirtulei
1395 440 1558 483 cladem
1592 455 1703 484 anno
1737 441 1792 484 75

236 513 487 554 attribuunt.
549 511 723 554 Etenim
755 511 835 554 etsi
867 511 962 567 quis
998 511 1194 568 neglecta
1231 511 1359 553 etiam
1391 511 1582 554 Sallustii
1613 511 1791 554 auctori—

235 585 322 624 tate
353 582 576 624 Metellum
609 582 737 638 76s75
773 582 818 624 in
849 582 1022 624 Baetica
1058 582 1276 637 provincia
1315 582 1524 624 hiemasse
1561 582 1791 626 secumdum

233 653 401 695 Livium
432 655 573 709 putet,
604 667 678 695 cur
708 668 795 695 non
826 652 973 695 statim
1004 653 1057 694 ad
1081 653 1332 708 Pompeium
1357 668 1467 695 anno
1495 653 1552 696 75
1568 652 1792 696 valentiae

237 727 363 779 atque
389 724 442 765 ad
461 739 579 766 oram
599 723 857 766 maritimam
877 724 1108 766 bellantem
1133 724 1332 766 Metellus
1356 723 1629 780 properavit?
1659 723 1795 776 Quam

234 795 289 837 ob
330 810 499 837 causam
537 793 806 851 Segoviamss)
836 795 1003 837 tendit?
1052 795 1111 837 Et
1150 795 1361 851 quomodo
1392 794 1634 838 Hirtuleius
1667 794 1793 851 plane

234 866 406 908 Italicae
445 865 635 908 devictus
675 865 792 907 brevi
830 868 927 921 post
964 865 1139 908 Metello
1177 865 1381 922 Segoviae
1423 866 1560 908 denuo
1596 865 1793 909 resistere

233 937 404 993 potuit?
464 936 524 978 At
564 937 600 979 si
640 939 754 979 recte
800 951 896 979 cum
936 936 1139 979 Sallustio
1178 937 1400 979 Metellum
1445 936 1625 980 hiberna
1666 936 1793 992 76l75

235 1008 279 1050 in
311 1007 448 1050 Gallia
481 1007 619 1064 egisse
649 1010 867 1063 putamus,
904 1007 1077 1050 omnino
1115 1007 1207 1049 fieri
1243 1023 1330 1050 non
1366 1010 1526 1064 potest,
1562 1010 1612 1050 ut
1646 1007 1793 1063 paucis

234 1079 453 1121 mensibus
478 1079 700 1121 Metellum
730 1079 915 1134 primum
946 1079 992 1120 in
1017 1078 1218 1121 ulteriore
1243 1078 1461 1134 provincia
1485 1078 1670 1134 Italicae,
1699 1080 1794 1121 tum

237 1150 443 1206 Segoviae
493 1150 538 1191 in
585 1149 824 1206 Lusitania,
872 1152 1087 1205 postremo
1137 1149 1316 1206 Sagunti
1366 1149 1496 1192 fuisse
1545 1151 1793 1192 statuamus.

234 1221 383 1276 Itaque
421 1236 517 1263 cum
553 1221 818 1263 Mommseno
851 1220 1101 1263 Sallustium
1139 1221 1272 1263 secuti
1308 1236 1498 1277 pugnam
1526 1219 1794 1263 Italicensem

235 1307 345 1334 anno
380 1293 446 1347 76,
478 1291 780 1348 Segoviensem
811 1307 922 1334 anno
956 1293 1011 1335 75
1043 1293 1200 1334 factam
1232 1307 1322 1334 esse
1355 1292 1626 1334 diudicemus.

352 1362 498 1404 Prima
528 1362 711 1417 proximi
743 1362 843 1404 anni
877 1363 932 1405 75
971 1362 1054 1404 fuit
1084 1377 1228 1418 pugna
1259 1363 1313 1404 ad
1342 1362 1586 1405 Valentiam
1615 1377 1641 1404 a
1669 1362 1792 1406 Pom-

234 1434 329 1489 peio
368 1436 515 1475 contra
551 1433 816 1475 Herennium
857 1449 905 1475 ac
935 1433 1193 1488 Perpernam
1234 1431 1508 1490 commissaf)
1577 1432 1692 1484 Quae
1732 1448 1792 1476 se—

233 1507 421 1559 quuntur
451 1504 578 1546 huius
610 1503 955 1559 insequentisque
995 1504 1094 1546 anni
1132 1519 1199 1546 res
1230 1519 1317 1546 non
1348 1504 1434 1546 iam
1464 1503 1650 1546 incertae
1681 1506 1791 1547 sunt.

234 1601 287 1626 ,—
327 1575 490 1617 Deinde
528 1575 755 1630 epistulam
795 1590 922 1630 quam
963 1590 987 1616 a
1017 1575 1221 1630 Pompeio
1263 1575 1315 1616 ad
1355 1576 1549 1616 senatum
1589 1574 1791 1630 scriptam

234 1646 360 1702 fingit
392 1645 618 1688 Sallustius
656 1646 754 1688 anni
789 1646 844 1688 75
882 1645 999 1688 exitu
1037 1646 1196 1701 datam,
1237 1661 1281 1687 se
1312 1645 1472 1688 Romae
1509 1644 1663 1688 lectam
1699 1660 1791 1688 esse

236 1717 409 1759 ineunte
452 1732 563 1759 armo
603 1719 658 1759 74
707 1719 828 1759 acute
884 1717 1091 1759 conclusit
1134 1713 1406 1772 Drumann.⁵)
1477 1715 1603 1758 Falso
1643 1719 1792 1772 postea

222 1782 591 1844 'Mommsenum‘ffl
629 1788 805 1829 eandem
840 1787 972 1829 hiemi
1006 1787 1134 1843 74s73
1166 1786 1438 1842 adscripsisse
1477 1800 1590 1828 nunc
1627 1801 1650 1828 e
1680 1787 1791 1844 frag-

233 1862 376 1901 mento
408 1857 750 1915 Aurelianensi7)
787 1861 964 1900 constat.
1026 1858 1182 1900 Postea
1218 1872 1317 1900 vero
1355 1857 1504 1911 eodem
1540 1872 1670 1914 anne,
1705 1873 1790 1914 quo

234 1930 446 1972 Pallantia
477 1946 502 1971 a
531 1929 735 1985 Pompeio
774 1929 1048 1972 circumsessa
1086 1932 1168 1984 est,
1206 1928 1367 1971 scilicet
1403 1942 1514 1970 anno
1548 1929 1621 1984 74,
1661 1929 1791 1972 etiam

235 1999 447 2058 OhaucaS)
493 2016 624 2056 prope
671 2015 764 2042 eam
810 2000 893 2042 sita
938 2001 992 2041 ab
1039 2000 1186 2042 eodem
1236 2001 1440 2054 occupata
1482 2013 1573 2042 esse
1611 1998 1789 2042 videtur.

232 2071 372 2114 Isdem
403 2071 668 2126 temporibus
698 2070 897 2113 Metellus
935 2071 979 2113 in
1017 2070 1267 2113 occidentali
1305 2069 1513 2112 citerioris
1548 2069 1789 2126 provinciae

231 2145 352 2198 parte
389 2143 441 2184 ad
472 2141 771 2199 Segobrigam,
802 2141 1012 2198 Bilbilim,
1044 2141 1309 2198 Calagurrim
1345 2138 1604 2198 pugnavit.⁹)
1662 2139 1788 2185 Anno

357 2272 390 2316 1)
419 2270 471 2307 Cf.
499 2269 601 2305 Oros.
623 2271 654 2305 V
675 2274 732 2314 23,
755 2274 809 2306 10.

349 2331 385 2374 2)
412 2329 603 2364 Drumann
628 2329 680 2365 IV
704 2342 739 2375 p.
761 2334 847 2373 3663
874 2329 1023 2365 Dronke
1048 2342 1085 2375 p.
1107 2332 1194 2373 5073
1220 2329 1417 2364 Neumann
1441 2329 1475 2363 II
1499 2340 1536 2374 p.
1556 2331 1613 2364 35.

350 2392 385 2433 3)
411 2388 580 2434 Pugnam
599 2388 699 2423 enim
713 2387 988 2434 Segoviensem‚
1009 2399 1083 2433 qua
1095 2387 1304 2423 Hirtuleius
1324 2398 1455 2423 caesus
1475 2387 1543 2431 est,
1563 2385 1699 2422 iisdem
1711 2386 1788 2423 fere

231 2447 374 2492 diebus,
386 2447 521 2492 quibus
530 2446 797 2482 Sucronensem
811 2447 1003 2492 accidisse,
1017 2447 1041 2484 i.
1051 2459 1081 2483 e.
1097 2448 1243 2482 aestate
1251 2451 1305 2492 75,
1317 2457 1337 2482 e
1345 2445 1523 2482 Frontino
1533 2445 1608 2488 117,
1617 2449 1638 2481 5
1653 2445 1785 2483 elucet.

350 2509 387 2552 4)
413 2505 466 2541 Cf.
491 2505 588 2542 Plut.
613 2505 741 2551 Pomp.
764 2511 825 2550 183
850 2506 1041 2542 Drumann
1065 2505 1117 2541 IV
1141 2518 1178 2551 p.
1199 2510 1279 2542 366.

348 2567 384 2611 5)
409 2564 461 2600 IV
480 2577 516 2610 p.
536 2569 616 2610 376,
641 2565 740 2601 recte
759 2576 906 2610 quoque
925 2577 1009 2601 cum
1028 2565 1159 2601 eodem
1179 2565 1328 2600 Dronke
1347 2577 1383 2610 p.
1404 2567 1474 2600 505
1500 2564 1539 2599 et
1561 2562 1785 2611 Schlimmer

229 2625 253 2660 1.
280 2624 303 2659 l.
330 2637 366 2670 p.
393 2627 449 2660 68.

347 2685 383 2729 6)
410 2683 526 2726 Quem
548 2693 744 2729 perperam
768 2684 917 2719 secutus
943 2685 1000 2719 est
1019 2683 1184 2719 Schoene
1210 2682 1250 2718 in
1268 2682 1362 2719 Mus.
1381 2682 1499 2718 Rhen.
1518 2681 1624 2716 XXV
1646 2693 1683 2727 p.
1705 2685 1787 2718 638.

350 2745 385 2787 7)
411 2741 488 2778 Col.
512 2746 554 2778 16
579 2741 638 2777 ed.
662 2741 812 2778 Hauler.

352 2802 388 2845 8)
415 2800 468 2837 Cf.
493 2800 617 2836 Front.
645 2801 678 2835 Il
705 2804 760 2846 11,
787 2805 821 2838 2.

350 2861 386 2906 9)
413 2859 465 2896 cf.
493 2859 613 2895 Strab.
640 2859 685 2895 fr.
712 2863 756 2896 73
783 2859 901 2906 (Otto)
927 2860 966 2895 et
989 2859 1085 2905 App.
1112 2859 1147 2895 b.
1174 2871 1204 2895 e.
1231 2859 1249 2894 I
1276 2862 1355 2897 112.

1896 719 1898 725 ·
1908 692 1916 747 Ξ

1911 763 1916 776 .
