2034 3184
355 157 438 198 192
839 154 994 190 Sallusti
1018 154 1269 191 Historiarum
1294 155 1358 191 lib.
1380 156 1423 191 V.

471 262 547 306 2³2
610 262 770 304 Simul
807 262 1040 304 immanis
1083 263 1340 306 hominum
1382 263 1458 305 vis
1501 264 1680 306 multis
1719 277 1743 306 e
1781 264 1910 308 locis

354 334 585 375 invasere
618 333 849 387 patentis
880 335 985 375 tum
1017 337 1066 376 et
1097 334 1239 390 pacis
1269 325 1413 377 modo
1445 334 1650 377 effusas.
1676 334 1806 380 (mm)

468 450 573 495 App.
626 450 712 495 (Ine.
734 449 842 494 251),
869 450 920 484 ΙΠ
942 453 984 484 72
998 450 1048 495 K,
1080 450 1150 486 inc.
1178 454 1222 486 36
1238 450 1285 495 G,
1318 451 1351 485 II
1376 462 1411 495 p.
1433 454 1478 485 50
1498 451 1537 486 et
1557 454 1623 486 113
1637 451 1712 498 ΒΥ.)
1737 472 1782 478 —-
1808 451 1908 488 Serv.

351 496 486 541 (Schol.
519 497 627 542 Dan.)
659 497 709 531 ad
736 497 827 532 Aen.
854 497 870 531 I
896 501 975 533 298.
1007 499 1018 541 ΙΙ
1057 498 1181 534 Vocem
1218 498 1346 541 urbes,
1385 509 1493 543 quam
1521 499 1910 538 subaudftendaonesse

346 549 462 589 patet,
484 545 568 580 add.
589 545 751 588 Dietsch,
776 545 838 580 sed
855 546 1081 580 antecessisse
1100 557 1178 581 eam
1191 547 1320 591 paullo
1339 557 1454 590 supra
1477 556 1552 582 mm
1569 550 1631 590 est,
1652 557 1718 583 cwr
1734 557 1909 594 neyemus.

469 620 634 659 Comm.
697 620 807 659 Kritz
839 621 886 660 de
917 621 1102 673 fugitivis
1133 622 1174 660 in
1206 622 1464 672 Campaniam
1501 621 1782 662 invadentibus
1811 622 1909 662 haec

351 679 457 718 dicta
495 692 577 718 esse
614 680 840 730 proposuit,
878 693 1000 731 quam
1039 681 1089 719 ad
1125 694 1208 719 rem
1245 694 1372 731 neque
1406 683 1590 720 mammis
1625 682 1825 721 homirnam
1851 683 1912 721 vis

350 745 477 789 neque
518 740 630 777 multi
669 739 730 777 illi
771 740 842 778 loci
882 740 1077 790 quadrare
1117 740 1319 791 videntur,
1359 753 1488 791 neque
1518 741 1634 789 pacis
1671 741 1782 780 modo
1822 742 1911 780 tum

349 798 527 848 patuisse
554 798 697 837 Italiae
728 798 846 837 urbes
872 799 1112 837 crediderim.
1165 799 1242 838 Sed
1267 799 1414 838 rectius
1439 799 1603 839 Dietsch
1626 799 1730 840 bello
1755 799 1910 840 Mithri-

350 857 481 896 datico
513 858 783 909 fragmentum
815 858 1018 909 attribuit,
1051 858 1197 897 etenim
1220 860 1335 906 pacis
1365 859 1475 897 modo
1505 860 1646 907 effusos
1676 871 1760 898 esse
1790 858 1910 909 Asiae

349 916 513 955 minoris
550 916 701 956 incolas
738 917 868 956 verbis
898 917 1039 956 Dionis
1075 917 1191 957 modo
1229 917 1405 956 laudatis
1441 917 1733 968 comprobatur.
1793 917 1911 957 Hunc

352 988 444 1014 vero
471 976 604 1015 locum
629 977 750 1026 paulo
777 976 882 1014 infra
906 976 1026 1014 habet
1051 974 1127 1015 Dio
1147 977 1171 1014 l.
1193 977 1235 1014 l.:
1261 975 1326 1015 καὶ
1351 982 1428 1016 τῶν
1456 976 1608 1030 χωρίων
1631 976 1678 1016 τὰ
1702 976 1821 1018 πλείω
1847 975 1912 1017 διὰ

351 1032 495 1086 ταχέων
528 1033 777 1085 ἀνεκτήσατο.

470 1136 546 1182 3³¹⁶.
586 1137 724 1180 Adeo
751 1138 860 1180 illis
886 1138 1122 1195 ingenita
1147 1141 1223 1180 est
1249 1138 1499 1181 sanctitas
1524 1139 1655 1197 regii
1679 1138 1911 1182 nominis.

467 1255 572 1301 App.
619 1255 665 1301 (V
687 1259 704 1290 1
718 1255 761 1300 D,
790 1259 807 1290 1
820 1255 864 1300 K,
890 1255 941 1290 IV
963 1258 1005 1290 79
1018 1255 1060 1300 G,
1086 1255 1120 1290 II
1138 1267 1173 1300 p.
1189 1259 1257 1290 632
1269 1255 1343 1301 ΒΥ.)
1363 1277 1407 1281 -
1429 1255 1528 1292 Serv.
1550 1257 1599 1292 ad
1619 1256 1752 1302 Georg.
1770 1255 1823 1292 IV
1841 1259 1909 1292 211

348 1302 542 1396 ἕξᾙέῑίξρὲέ
550 1303 661 1386 VIat.),
688 1302 799 1338 schol.
822 1303 929 1338 Bern.
951 1303 1000 1338 ad
1018 1302 1054 1338 h.
1075 1302 1098 1338 1.
1119 1304 1131 1348 ΙΙ
1149 1302 1244 1348 regii
1263 1303 1440 1350 nominis]
1465 1303 1546 1350 regi
1565 1303 1605 1339 in
1624 1303 1796 1339 omnibus
1815 1303 1911 1347 AH,

469 1426 636 1466 Comm.
698 1427 890 1477 Spectant
918 1427 1040 1466 verba
1065 1427 1116 1465 ad
1139 1426 1310 1466 Dionem
1335 1440 1367 1466 0.
1394 1429 1431 1479 9,
1459 1429 1502 1466 2:
1534 1426 1576 1466 οἱ
1601 1425 1675 1481 γὰρ
1700 1424 1911 1478 ἅνθρωποι

349 1484 539 1525 ἐκείνου
579 1500 624 1524 τε
664 1483 860 1526 εὔνοιαν
898 1484 939 1525 ἔκ
976 1500 1015 1524 τε
1051 1491 1120 1525 τοῦ
1159 1483 1365 1537 ὁμοφύλου
1403 1484 1468 1525 καὶ
1504 1484 1553 1525 ἐκ
1589 1491 1671 1538 τῆς
1706 1484 1910 1541 πατρίου

350 1545 597 1598 βασιλείας
625 1577 632 1583 .
655 1577 662 1584 .
685 1577 691 1584 .
715 1577 722 1584 .
749 1544 899 1597 ἔχοντες
930 1544 1230 1598 προσεχώρησάν
1261 1559 1299 1584 τε
1330 1543 1436 1600 αὐτῷ
1466 1547 1544 1584 κτλ.

468 1659 545 1704 4²¹⁶.
606 1660 670 1702 Et
702 1660 752 1702 in
784 1659 1001 1715 proeliis
1033 1653 1150 1702 actu
1181 1663 1461 1716 promptus.

468 1765 573 1810 App.
625 1765 711 1810 (Ine.
734 1769 775 1799 31
789 1765 833 1810 D,
859 1765 892 1799 V
913 1765 988 1810 5K,
1014 1764 1084 1800 inc.
1106 1764 1183 1810 4G,
1209 1765 1226 1800 I
1242 1778 1277 1811 p.
1301 1770 1369 1801 504
1379 1765 1453 1811 ΒΥ.)
1473 1787 1517 1791 -
1537 1765 1672 1801 Donat.
1693 1764 1743 1801 ad
1761 1763 1909 1800 Terent.

349 1813 442 1849 Eun.
462 1813 513 1848 IV
535 1817 565 1858 7,
588 1816 642 1848 13.
663 1814 675 1858 ΙΙ
694 1813 747 1859 et]
774 1813 824 1856 D,
850 1823 916 1848 om.
942 1812 981 1848 O.

469 1890 635 1929 Comm.
677 1889 778 1927 Cum
796 1890 980 1928 Donatus
999 1890 1170 1928 testetur
1188 1889 1468 1939 imperatorem
1487 1889 1662 1940 aliquem
1680 1888 1740 1928 ita
1758 1888 1909 1927 dictum

350 1962 432 1988 esse
466 1961 588 1999 supra
620 1948 782 1987 solitum
814 1948 990 1987 officium
1026 1949 1068 1987 in
1098 1948 1245 2000 pugnis
1275 1950 1517 2000 versantem,
1555 1948 1606 1987 ad
1636 1947 1910 1988 Mithridatem

348 2009 445 2047 haec
483 2011 678 2059 spectare,
720 2008 827 2058 quod
864 2007 974 2045 Kritz
1013 2007 1197 2059 coniecit,
1240 2021 1365 2058 paene
1403 2009 1556 2046 certum
1591 2009 1668 2059 est,
1711 2007 1760 2046 cf.
1790 2006 1838 2046 fr.
1866 2007 1911 2058 53

349 2069 524 2106 ceterum
557 2067 664 2117 quod
698 2067 919 2118 Prolegom.
945 2081 982 2117 p.
1013 2068 1061 2106 51
1098 2080 1189 2106 cum
1219 2067 1411 2106 Frontino
1441 2067 1483 2105 II
1512 2069 1548 2117 5,
1576 2068 1632 2106 30
1662 2067 1759 2117 haec
1789 2065 1910 2105 verba

349 2127 599 2166 conferebam
630 2127 751 2177 atque
790 2126 837 2165 de
877 2125 1044 2165 Olthaco
1083 2126 1232 2176 Scytha
1269 2126 1334 2178 agi
1372 2125 1607 2177 scribebam,
1648 2138 1777 2165 errore
1815 2137 1908 2164 sane

350 2187 504 2224 factum
536 2188 606 2224 est.

468 2288 511 2332 5.
567 2288 799 2331 Peractis
831 2288 1166 2345 septuaginta
1197 2288 1343 2330 annis
1375 2290 1597 2330 armatus
1626 2295 1808 2342 equom·
1835 2287 1908 2330 in-

350 2359 507 2401 silire.

467 2465 572 2510 App.
624 2464 670 2509 (V
690 2464 769 2509 3D,
795 2464 874 2508 4K,
903 2468 946 2499 10
961 2464 1019 2510 G.)
1046 2486 1090 2490 —
1117 2465 1223 2499 Arus.
1250 2475 1285 2509 p.
1306 2467 1387 2500 488.

467 2541 632 2580 Comm.
682 2540 955 2579 Mithridatem
974 2541 1279 2592 intelligendum
1299 2552 1381 2580 esse
1401 2541 1475 2579 hoc
1493 2540 1718 2591 fragmento
1737 2541 1905 2591 constat,

349 2601 455 2651 quod
491 2600 666 2651 pertinet
702 2600 753 2638 ad
783 2600 898 2639 Dion.
926 2613 957 2638 c.
987 2603 1022 2651 9,
1050 2602 1093 2639 5:
1125 2598 1190 2638 καὶ
1225 2598 1299 2652 γὰρ
1336 2597 1451 2651 ὑπὲρ
1487 2596 1906 2650 τὰὲβδομήκοντα

347 2659 424 2711 ἔτη
454 2657 659 2712 γεγονὼς
691 2657 895 2711 ἐμάχετο.
958 2660 1067 2698 Idem
1098 2659 1239 2710 legisse
1270 2658 1431 2698 videtur
1454 2658 1664 2709 Appianas
1688 2657 1792 2709 -loco,
1824 2671 1904 2708 quo

347 2719 591 2758 Mithridatis
611 2720 797 2757 naturam
817 2720 857 2757 et
875 2718 1081 2769 ingenium
1100 2718 1297 2769 describit,
1322 2718 1456 2756 Mithr.
1482 2730 1512 2757 c.
1536 2719 1637 2756 112:
1663 2715 1736 2756 οὐκ
1760 2713 1905 2767 ἀπέστη

348 2777 453 2825 τινὸς
479 2773 566 2818 οὐδ’
597 2777 663 2829 ὥς,
687 2777 825 2831 καίπερ
851 2775 907 2816 ὢν
932 2777 1167 2829 πρεσβύτης,
1198 2790 1243 2816 ac
1272 2778 1381 2827 post:
1413 2774 1606 2830 εὔρωστος
1632 2773 1689 2827 δέ,
1719 2773 1773 2822 ὥς
1797 2773 1905 2828 μέχρι

347 2836 453 2884 τέλος
492 2837 681 2876 ἵππεῦσαί
715 2852 753 2876 τε
790 2835 856 2876 καὶ
890 2834 1091 2875 ἀκοντίσαι
1128 2835 1194 2875 καὶ
1231 2836 1332 2888 χίλια
1369 2835 1506 2875 στάδια
1535 2840 1606 2886 τῆς
1633 2831 1779 2888 ἡμέρας
1806 2867 1813 2873 .
1837 2867 1843 2874 .
1865 2866 1872 2874 .
1894 2866 1902 2874 .

350 2897 522 2950 δραμεῖν.
1866 2913 1869 2914 ’
