<?xml version="1.0" encoding="UTF-8"?>
<!DOCTYPE html PUBLIC "-//W3C//DTD XHTML 1.0 Transitional//EN"
    "http://www.w3.org/TR/xhtml1/DTD/xhtml1-transitional.dtd">
<html xmlns="http://www.w3.org/1999/xhtml" xml:lang="en" lang="en">
 <head>
  <title>
</title>
<meta http-equiv="Content-Type" content="text/html;charset=utf-8" />
  <meta name='ocr-system' content='tesseract 3.04.00' />
  <meta name='ocr-capabilities' content='ocr_page ocr_carea ocr_par ocr_line ocrx_word'/>
</head>
<body>
  <div class='ocr_page' id='page_1' title='image "./historiarumreliq00salluoft_0068.png"; bbox 0 0 1916 3178; ppageno 0'>
   <div class='ocr_carea' id='block_1_1' title="bbox 1747 0 1916 295">
    <p class='ocr_par' dir='ltr' id='par_1_1' title="bbox 1747 0 1916 295">
     <span class='ocr_line' id='line_1_1' title="bbox 1747 0 1916 295; baseline 0 0"><span class='ocrx_word' id='word_1_1' title='bbox 1747 0 1916 295; x_wconf 95' lang='lat' dir='ltr'><strong>   </strong></span> 
     </span>
    </p>
   </div>
   <div class='ocr_carea' id='block_1_2' title="bbox 877 154 1168 198">
    <p class='ocr_par' dir='ltr' id='par_1_2' title="bbox 877 154 1168 198">
     <span class='ocr_line' id='line_1_2' title="bbox 877 154 1168 198; baseline 0.007 -14"><span class='ocrx_word' id='word_1_2' title='bbox 877 154 1168 198; x_wconf 58' lang='lat'><strong>„58-</strong></span> 
     </span>
    </p>
   </div>
   <div class='ocr_carea' id='block_1_3' title="bbox 239 259 1916 2374">
    <p class='ocr_par' dir='ltr' id='par_1_3' title="bbox 240 259 1916 2020">
     <span class='ocr_line' id='line_1_3' title="bbox 246 259 1916 350; baseline 0.004 -48"><span class='ocrx_word' id='word_1_3' title='bbox 246 260 480 303; x_wconf 87' lang='lat' dir='ltr'><strong>Orosium</strong></span> <span class='ocrx_word' id='word_1_4' title='bbox 518 263 543 313; x_wconf 66' lang='grc' dir='ltr'>ἓ</span> <span class='ocrx_word' id='word_1_5' title='bbox 574 262 648 303; x_wconf 81' lang='lat'><strong>20:</strong></span> <span class='ocrx_word' id='word_1_6' title='bbox 693 259 916 304; x_wconf 73' lang='lat' dir='ltr'><strong>‘Lucullus</strong></span> <span class='ocrx_word' id='word_1_7' title='bbox 953 260 1220 304; x_wconf 87' lang='lat' dir='ltr'><strong>incruento</strong></span> <span class='ocrx_word' id='word_1_8' title='bbox 1263 260 1431 304; x_wconf 89' lang='lat' dir='ltr'><strong>milite</strong></span> <span class='ocrx_word' id='word_1_9' title='bbox 1468 277 1626 306; x_wconf 81' lang='lat' dir='ltr'><strong>novum</strong></span> <span class='ocrx_word' id='word_1_10' title='bbox 1667 278 1804 321; x_wconf 83' lang='lat' dir='ltr'><strong>genus</strong></span> <span class='ocrx_word' id='word_1_11' title='bbox 1900 293 1916 350; x_wconf 39' lang='grc' dir='ltr'>ξ</span> 
     </span>
     <span class='ocr_line' id='line_1_4' title="bbox 245 329 1804 388; baseline 0.003 -13"><span class='ocrx_word' id='word_1_12' title='bbox 245 331 446 375; x_wconf 86' lang='lat' dir='ltr'><strong>victoriae</strong></span> <span class='ocrx_word' id='word_1_13' title='bbox 485 331 664 386; x_wconf 87' lang='lat' dir='ltr'><strong>adeptus</strong></span> <span class='ocrx_word' id='word_1_14' title='bbox 701 329 838 388; x_wconf 80' lang='lat' dir='ltr'><strong>est.&#39;¹)</strong></span> <span class='ocrx_word' id='word_1_15' title='bbox 898 331 1062 374; x_wconf 79' lang='lat' dir='ltr'>Deinde</span> <span class='ocrx_word' id='word_1_16' title='bbox 1100 333 1150 374; x_wconf 88' lang='lat' dir='ltr'><strong>cf.</strong></span> <span class='ocrx_word' id='word_1_17' title='bbox 1182 332 1389 387; x_wconf 87' lang='lat' dir='ltr'><strong>Eutrop.</strong></span> <span class='ocrx_word' id='word_1_18' title='bbox 1414 331 1476 375; x_wconf 88' lang='lat' dir='ltr'><strong>VI</strong></span> <span class='ocrx_word' id='word_1_19' title='bbox 1502 334 1547 376; x_wconf 88' lang='lat'><strong>8:</strong></span> <span class='ocrx_word' id='word_1_20' title='bbox 1586 333 1804 381; x_wconf 69' lang='lat' dir='ltr'><strong>‘Armenia</strong></span> 
     </span>
     <span class='ocr_line' id='line_1_5' title="bbox 244 401 1802 458; baseline 0.004 -13"><span class='ocrx_word' id='word_1_21' title='bbox 244 417 412 458; x_wconf 92' lang='lat' dir='ltr'><strong>quoque</strong></span> <span class='ocrx_word' id='word_1_22' title='bbox 435 401 588 457; x_wconf 79' lang='lat' dir='ltr'><strong>minor,</strong></span> <span class='ocrx_word' id='word_1_23' title='bbox 613 417 741 458; x_wconf 90' lang='lat' dir='ltr'><strong>quam</strong></span> <span class='ocrx_word' id='word_1_24' title='bbox 766 404 973 458; x_wconf 82' lang='lat' dir='ltr'><strong>tenuerat,</strong></span> <span class='ocrx_word' id='word_1_25' title='bbox 998 403 1135 445; x_wconf 90' lang='lat' dir='ltr'><strong>eidem</strong></span> <span class='ocrx_word' id='word_1_26' title='bbox 1160 403 1328 445; x_wconf 89' lang='lat' dir='ltr'><strong>sublata</strong></span> <span class='ocrx_word' id='word_1_27' title='bbox 1354 402 1439 445; x_wconf 81' lang='lat' dir='ltr'><strong>est&#39;</strong></span> <span class='ocrx_word' id='word_1_28' title='bbox 1466 418 1563 447; x_wconf 88' lang='lat' dir='ltr'><strong>cum</strong></span> <span class='ocrx_word' id='word_1_29' title='bbox 1586 404 1699 448; x_wconf 87' lang='lat' dir='ltr'><strong>Plut.</strong></span> <span class='ocrx_word' id='word_1_30' title='bbox 1726 407 1802 453; x_wconf 78' lang='lat'><strong>19:</strong></span> 
     </span>
     <span class='ocr_line' id='line_1_6' title="bbox 244 471 1803 531; baseline 0.004 -16"><span class='ocrx_word' id='word_1_31' title='bbox 244 472 316 516; x_wconf 79' lang='grc' dir='ltr'><strong>καὶ</strong></span> <span class='ocrx_word' id='word_1_32' title='bbox 347 473 426 527; x_wconf 86' lang='grc' dir='ltr'><strong>τὴν</strong></span> <span class='ocrx_word' id='word_1_33' title='bbox 458 473 619 529; x_wconf 83' lang='grc' dir='ltr'><strong><em>μικρὰν</em></strong></span> <span class='ocrx_word' id='word_1_34' title='bbox 644 471 875 530; x_wconf 77' lang='grc' dir='ltr'><strong><em>Ἀρμενίαν</em></strong></span> <span class='ocrx_word' id='word_1_35' title='bbox 906 475 1185 530; x_wconf 79' lang='grc' dir='ltr'><strong><em>παραλαβών,</em></strong></span> <span class='ocrx_word' id='word_1_36' title='bbox 1217 489 1344 530; x_wconf 87' lang='lat' dir='ltr'><strong>quam</strong></span> <span class='ocrx_word' id='word_1_37' title='bbox 1375 489 1466 516; x_wconf 90' lang='lat' dir='ltr'><strong>rem</strong></span> <span class='ocrx_word' id='word_1_38' title='bbox 1497 476 1610 531; x_wconf 81' lang='lat' dir='ltr'><strong>apud</strong></span> <span class='ocrx_word' id='word_1_39' title='bbox 1639 478 1803 521; x_wconf 76' lang='lat' dir='ltr'><strong>ceteros</strong></span> 
     </span>
     <span class='ocr_line' id='line_1_7' title="bbox 244 544 1802 603; baseline 0.003 -16"><span class='ocrx_word' id='word_1_40' title='bbox 244 544 471 599; x_wconf 70' lang='lat' dir='ltr'><strong>scriptores</strong></span> <span class='ocrx_word' id='word_1_41' title='bbox 519 545 678 586; x_wconf 85' lang='lat' dir='ltr'><strong>frustra</strong></span> <span class='ocrx_word' id='word_1_42' title='bbox 727 544 994 600; x_wconf 81' lang='lat' dir='ltr'><strong>quaesiveris.</strong></span> <span class='ocrx_word' id='word_1_43' title='bbox 1074 545 1384 601; x_wconf 88' lang='lat' dir='ltr'><strong>Descriptionis</strong></span> <span class='ocrx_word' id='word_1_44' title='bbox 1411 545 1558 603; x_wconf 32' lang='lat' dir='ltr'><strong>‘regni</strong></span> <span class='ocrx_word' id='word_1_45' title='bbox 1608 545 1802 591; x_wconf 75' lang='lat' dir='ltr'><strong>Armenii</strong></span> 
     </span>
     <span class='ocr_line' id='line_1_8' title="bbox 244 614 1802 674; baseline 0.004 -18"><span class='ocrx_word' id='word_1_46' title='bbox 244 614 545 670; x_wconf 85' lang='lat' dir='ltr'><strong>Sallustianae,</strong></span> <span class='ocrx_word' id='word_1_47' title='bbox 589 630 716 670; x_wconf 89' lang='lat' dir='ltr'><strong>quam</strong></span> <span class='ocrx_word' id='word_1_48' title='bbox 759 615 933 657; x_wconf 86' lang='lat' dir='ltr'><strong>exhibet</strong></span> <span class='ocrx_word' id='word_1_49' title='bbox 972 615 1228 658; x_wconf 86' lang='lat' dir='ltr'><strong>Plutarchus</strong></span> <span class='ocrx_word' id='word_1_50' title='bbox 1278 631 1310 658; x_wconf 92' lang='lat' dir='ltr'><strong>c.</strong></span> <span class='ocrx_word' id='word_1_51' title='bbox 1343 618 1418 672; x_wconf 83' lang='lat'><strong>21,</strong></span> <span class='ocrx_word' id='word_1_52' title='bbox 1461 616 1644 674; x_wconf 83' lang='lat' dir='ltr'><strong>vestigia</strong></span> <span class='ocrx_word' id='word_1_53' title='bbox 1676 617 1802 662; x_wconf 86' lang='lat' dir='ltr'><strong>nobis</strong></span> 
     </span>
     <span class='ocr_line' id='line_1_9' title="bbox 245 685 1802 744; baseline 0.003 -16"><span class='ocrx_word' id='word_1_54' title='bbox 245 689 470 728; x_wconf 90' lang='lat' dir='ltr'><strong>occurrunt</strong></span> <span class='ocrx_word' id='word_1_55' title='bbox 515 685 643 728; x_wconf 90' lang='lat' dir='ltr'><strong>etiam</strong></span> <span class='ocrx_word' id='word_1_56' title='bbox 687 687 798 741; x_wconf 89' lang='lat' dir='ltr'><strong>apud</strong></span> <span class='ocrx_word' id='word_1_57' title='bbox 840 686 1047 742; x_wconf 87' lang='lat' dir='ltr'><strong>Eutrop.</strong></span> <span class='ocrx_word' id='word_1_58' title='bbox 1085 685 1156 728; x_wconf 93' lang='lat' dir='ltr'><strong>VI</strong></span> <span class='ocrx_word' id='word_1_59' title='bbox 1193 685 1282 744; x_wconf 77' lang='lat'><strong>8²);</strong></span> <span class='ocrx_word' id='word_1_60' title='bbox 1325 686 1489 730; x_wconf 83' lang='lat' dir='ltr'><strong>Arabes</strong></span> <span class='ocrx_word' id='word_1_61' title='bbox 1531 687 1668 732; x_wconf 82' lang='lat' dir='ltr'><strong>victos</strong></span> <span class='ocrx_word' id='word_1_62' title='bbox 1708 703 1802 733; x_wconf 80' lang='lat' dir='ltr'><strong>esse</strong></span> 
     </span>
     <span class='ocr_line' id='line_1_10' title="bbox 243 757 1803 813; baseline 0.003 -14"><span class='ocrx_word' id='word_1_63' title='bbox 243 760 411 813; x_wconf 88' lang='lat' dir='ltr'><strong>praeter</strong></span> <span class='ocrx_word' id='word_1_64' title='bbox 446 757 559 799; x_wconf 88' lang='lat' dir='ltr'><strong>Plut.</strong></span> <span class='ocrx_word' id='word_1_65' title='bbox 598 771 686 812; x_wconf 90' lang='lat' dir='ltr'><strong>cap.</strong></span> <span class='ocrx_word' id='word_1_66' title='bbox 719 757 776 800; x_wconf 80' lang='lat'><strong>25</strong></span> <span class='ocrx_word' id='word_1_67' title='bbox 806 760 951 799; x_wconf 88' lang='lat' dir='ltr'><strong>narrat</strong></span> <span class='ocrx_word' id='word_1_68' title='bbox 982 772 1092 799; x_wconf 89' lang='lat' dir='ltr'><strong>unus</strong></span> <span class='ocrx_word' id='word_1_69' title='bbox 1122 757 1269 800; x_wconf 87' lang='lat' dir='ltr'><strong>Livius</strong></span> <span class='ocrx_word' id='word_1_70' title='bbox 1300 759 1412 813; x_wconf 90' lang='lat' dir='ltr'><strong>apud</strong></span> <span class='ocrx_word' id='word_1_71' title='bbox 1442 758 1551 801; x_wconf 79' lang='lat' dir='ltr'><strong>Rus.</strong></span> <span class='ocrx_word' id='word_1_72' title='bbox 1583 758 1714 803; x_wconf 83' lang='lat' dir='ltr'><strong>Fest.</strong></span> <span class='ocrx_word' id='word_1_73' title='bbox 1748 762 1803 804; x_wconf 90' lang='grc'><strong>14</strong></span> 
     </span>
     <span class='ocr_line' id='line_1_11' title="bbox 243 827 1804 887; baseline 0.003 -17"><span class='ocrx_word' id='word_1_74' title='bbox 243 828 506 885; x_wconf 79' lang='lat' dir='ltr'><strong>(‘phylarchi</strong></span> <span class='ocrx_word' id='word_1_75' title='bbox 545 827 848 871; x_wconf 89' lang='lat' dir='ltr'><strong>Saracenorum</strong></span> <span class='ocrx_word' id='word_1_76' title='bbox 886 827 931 870; x_wconf 90' lang='lat' dir='ltr'><strong>in</strong></span> <span class='ocrx_word' id='word_1_77' title='bbox 969 827 1189 870; x_wconf 68' lang='lat' dir='ltr'><strong>Osrhoena</strong></span> <span class='ocrx_word' id='word_1_78' title='bbox 1232 843 1394 871; x_wconf 81' lang='lat' dir='ltr'><strong>cessere</strong></span> <span class='ocrx_word' id='word_1_79' title='bbox 1441 827 1682 887; x_wconf 81' lang='lat' dir='ltr'><strong>superati’).</strong></span> <span class='ocrx_word' id='word_1_80' title='bbox 1732 829 1804 874; x_wconf 60' lang='lat'><strong>2111</strong></span> 
     </span>
     <span class='ocr_line' id='line_1_12' title="bbox 243 898 1803 955; baseline 0.003 -15"><span class='ocrx_word' id='word_1_81' title='bbox 243 898 335 954; x_wconf 91' lang='lat' dir='ltr'><strong>ipsa</strong></span> <span class='ocrx_word' id='word_1_82' title='bbox 365 914 510 955; x_wconf 89' lang='lat' dir='ltr'><strong>pugna</strong></span> <span class='ocrx_word' id='word_1_83' title='bbox 535 899 894 955; x_wconf 84' lang='lat' dir='ltr'><strong>Tigranocertana</strong></span> <span class='ocrx_word' id='word_1_84' title='bbox 925 899 1157 941; x_wconf 88' lang='lat' dir='ltr'><strong>enarranda</strong></span> <span class='ocrx_word' id='word_1_85' title='bbox 1181 899 1328 942; x_wconf 84' lang='lat' dir='ltr'><strong>Livius</strong></span> <span class='ocrx_word' id='word_1_86' title='bbox 1353 899 1602 943; x_wconf 78' lang='lat' dir='ltr'><strong>Sallustium</strong></span> <span class='ocrx_word' id='word_1_87' title='bbox 1632 904 1803 944; x_wconf 89' lang='lat' dir='ltr'><strong>secutus</strong></span> 
     </span>
     <span class='ocr_line' id='line_1_13' title="bbox 244 968 1803 1029; baseline 0.003 -18"><span class='ocrx_word' id='word_1_88' title='bbox 244 968 370 1026; x_wconf 77' lang='lat' dir='ltr'><strong>est3);</strong></span> <span class='ocrx_word' id='word_1_89' title='bbox 414 985 464 1012; x_wconf 89' lang='lat' dir='ltr'><strong>ex</strong></span> <span class='ocrx_word' id='word_1_90' title='bbox 507 970 654 1012; x_wconf 90' lang='lat' dir='ltr'><strong>eodem</strong></span> <span class='ocrx_word' id='word_1_91' title='bbox 698 970 880 1025; x_wconf 88' lang='lat' dir='ltr'><strong>sumpsit</strong></span> <span class='ocrx_word' id='word_1_92' title='bbox 927 969 1174 1013; x_wconf 79' lang='grc' dir='ltr'><strong><em>ἐπεισόδιον</em></strong></span> <span class='ocrx_word' id='word_1_93' title='bbox 1218 970 1324 1012; x_wconf 87' lang='lat' dir='ltr'><strong>illud</strong></span> <span class='ocrx_word' id='word_1_94' title='bbox 1361 971 1412 1013; x_wconf 90' lang='lat' dir='ltr'><strong>de</strong></span> <span class='ocrx_word' id='word_1_95' title='bbox 1449 971 1559 1014; x_wconf 83' lang='lat' dir='ltr'><strong>tiara</strong></span> <span class='ocrx_word' id='word_1_96' title='bbox 1593 971 1803 1029; x_wconf 69' lang='lat' dir='ltr'><strong>Tigranis,</strong></span> 
     </span>
     <span class='ocr_line' id='line_1_14' title="bbox 244 1041 1801 1098; baseline 0.003 -16"><span class='ocrx_word' id='word_1_97' title='bbox 244 1041 317 1082; x_wconf 91' lang='lat' dir='ltr'><strong>sed</strong></span> <span class='ocrx_word' id='word_1_98' title='bbox 354 1041 619 1097; x_wconf 85' lang='lat' dir='ltr'><strong>negligentia</strong></span> <span class='ocrx_word' id='word_1_99' title='bbox 655 1041 815 1096; x_wconf 89' lang='lat' dir='ltr'><strong>aliquid</strong></span> <span class='ocrx_word' id='word_1_100' title='bbox 853 1041 1053 1095; x_wconf 86' lang='lat' dir='ltr'><strong>mutavit,</strong></span> <span class='ocrx_word' id='word_1_101' title='bbox 1094 1056 1190 1083; x_wconf 91' lang='lat' dir='ltr'><strong>cum</strong></span> <span class='ocrx_word' id='word_1_102' title='bbox 1226 1056 1313 1084; x_wconf 90' lang='lat' dir='ltr'><strong>non</strong></span> <span class='ocrx_word' id='word_1_103' title='bbox 1348 1041 1456 1098; x_wconf 87' lang='lat' dir='ltr'><strong>filio,</strong></span> <span class='ocrx_word' id='word_1_104' title='bbox 1493 1041 1643 1085; x_wconf 83' lang='lat' dir='ltr'><strong>deinde</strong></span> <span class='ocrx_word' id='word_1_105' title='bbox 1680 1057 1801 1087; x_wconf 86' lang='lat' dir='ltr'><strong>servo</strong></span> 
     </span>
     <span class='ocr_line' id='line_1_15' title="bbox 244 1112 1801 1169; baseline 0.002 -16"><span class='ocrx_word' id='word_1_106' title='bbox 244 1112 398 1167; x_wconf 83' lang='lat' dir='ltr'><strong>datam,</strong></span> <span class='ocrx_word' id='word_1_107' title='bbox 430 1112 504 1154; x_wconf 88' lang='lat' dir='ltr'><strong>sed</strong></span> <span class='ocrx_word' id='word_1_108' title='bbox 541 1112 687 1154; x_wconf 84' lang='lat' dir='ltr'><strong>statim</strong></span> <span class='ocrx_word' id='word_1_109' title='bbox 720 1127 744 1154; x_wconf 92' lang='lat' dir='ltr'><strong>a</strong></span> <span class='ocrx_word' id='word_1_110' title='bbox 775 1112 958 1169; x_wconf 84' lang='lat' dir='ltr'><strong>Tigrane</strong></span> <span class='ocrx_word' id='word_1_111' title='bbox 996 1112 1205 1155; x_wconf 90' lang='lat' dir='ltr'><strong>abiectam</strong></span> <span class='ocrx_word' id='word_1_112' title='bbox 1237 1128 1328 1155; x_wconf 89' lang='lat' dir='ltr'><strong>esse</strong></span> <span class='ocrx_word' id='word_1_113' title='bbox 1365 1113 1519 1155; x_wconf 86' lang='lat' dir='ltr'><strong>tiaram</strong></span> <span class='ocrx_word' id='word_1_114' title='bbox 1549 1128 1801 1159; x_wconf 86' lang='lat' dir='ltr'><strong>commemo-</strong></span> 
     </span>
     <span class='ocr_line' id='line_1_16' title="bbox 241 1182 1802 1243; baseline 0.004 -19"><span class='ocrx_word' id='word_1_115' title='bbox 241 1186 355 1225; x_wconf 92' lang='lat' dir='ltr'><strong>raret</strong></span> <span class='ocrx_word' id='word_1_116' title='bbox 392 1182 462 1240; x_wconf 87' lang='lat' dir='ltr'><strong>(cf.</strong></span> <span class='ocrx_word' id='word_1_117' title='bbox 499 1182 644 1225; x_wconf 86' lang='lat' dir='ltr'><strong>Front.</strong></span> <span class='ocrx_word' id='word_1_118' title='bbox 676 1182 702 1224; x_wconf 91' lang='grc'><strong>1.</strong></span> <span class='ocrx_word' id='word_1_119' title='bbox 734 1183 761 1224; x_wconf 91' lang='grc'><strong>1.</strong></span> <span class='ocrx_word' id='word_1_120' title='bbox 803 1183 1002 1225; x_wconf 71' lang='lat' dir='ltr'><strong>‘abiectis</strong></span> <span class='ocrx_word' id='word_1_121' title='bbox 1038 1183 1300 1240; x_wconf 87' lang='lat' dir='ltr'><strong>insignibus&#39;</strong></span> <span class='ocrx_word' id='word_1_122' title='bbox 1347 1187 1390 1226; x_wconf 90' lang='lat' dir='ltr'><strong>et</strong></span> <span class='ocrx_word' id='word_1_123' title='bbox 1427 1183 1545 1227; x_wconf 86' lang='lat' dir='ltr'><strong>Oros.</strong></span> <span class='ocrx_word' id='word_1_124' title='bbox 1581 1184 1644 1228; x_wconf 92' lang='lat' dir='ltr'><strong>VI</strong></span> <span class='ocrx_word' id='word_1_125' title='bbox 1678 1187 1725 1243; x_wconf 85' lang='lat'><strong>3,</strong></span> <span class='ocrx_word' id='word_1_126' title='bbox 1755 1187 1802 1230; x_wconf 83' lang='lat'><strong>6:</strong></span> 
     </span>
     <span class='ocr_line' id='line_1_17' title="bbox 242 1253 1802 1312; baseline 0.003 -17"><span class='ocrx_word' id='word_1_127' title='bbox 242 1253 500 1296; x_wconf 78' lang='lat' dir='ltr'><strong>‘diademate</strong></span> <span class='ocrx_word' id='word_1_128' title='bbox 544 1257 587 1296; x_wconf 90' lang='lat' dir='ltr'><strong>et</strong></span> <span class='ocrx_word' id='word_1_129' title='bbox 629 1253 754 1310; x_wconf 85' lang='lat' dir='ltr'><strong>tiara,</strong></span> <span class='ocrx_word' id='word_1_130' title='bbox 797 1269 851 1296; x_wconf 89' lang='lat' dir='ltr'><strong>ne</strong></span> <span class='ocrx_word' id='word_1_131' title='bbox 888 1257 1205 1311; x_wconf 83' lang='lat' dir='ltr'><strong>agnosceretur,</strong></span> <span class='ocrx_word' id='word_1_132' title='bbox 1248 1253 1478 1312; x_wconf 88' lang='lat' dir='ltr'><strong>abiectis&#39;).</strong></span> <span class='ocrx_word' id='word_1_133' title='bbox 1553 1255 1802 1312; x_wconf 84' lang='lat' dir='ltr'><strong>Complures</strong></span> 
     </span>
     <span class='ocr_line' id='line_1_18' title="bbox 241 1325 1800 1380; baseline 0.003 -13"><span class='ocrx_word' id='word_1_134' title='bbox 241 1325 423 1380; x_wconf 90' lang='lat' dir='ltr'><strong>populos</strong></span> <span class='ocrx_word' id='word_1_135' title='bbox 465 1340 542 1368; x_wconf 90' lang='lat' dir='ltr'><strong>sua</strong></span> <span class='ocrx_word' id='word_1_136' title='bbox 585 1328 735 1380; x_wconf 89' lang='lat' dir='ltr'><strong>sponte</strong></span> <span class='ocrx_word' id='word_1_137' title='bbox 778 1325 983 1368; x_wconf 85' lang='lat' dir='ltr'><strong>Romanis</strong></span> <span class='ocrx_word' id='word_1_138' title='bbox 1023 1340 1068 1368; x_wconf 90' lang='lat' dir='ltr'><strong>se</strong></span> <span class='ocrx_word' id='word_1_139' title='bbox 1112 1325 1341 1368; x_wconf 88' lang='lat' dir='ltr'><strong>subiecisse</strong></span> <span class='ocrx_word' id='word_1_140' title='bbox 1377 1325 1629 1369; x_wconf 82' lang='lat' dir='ltr'><strong>Sallustium</strong></span> <span class='ocrx_word' id='word_1_141' title='bbox 1665 1328 1800 1371; x_wconf 87' lang='lat' dir='ltr'><strong>secuti</strong></span> 
     </span>
     <span class='ocr_line' id='line_1_19' title="bbox 242 1395 1800 1451; baseline 0.004 -14"><span class='ocrx_word' id='word_1_142' title='bbox 242 1396 416 1437; x_wconf 89' lang='lat' dir='ltr'><strong>tradunt</strong></span> <span class='ocrx_word' id='word_1_143' title='bbox 447 1395 530 1437; x_wconf 89' lang='lat' dir='ltr'><strong>Dio</strong></span> <span class='ocrx_word' id='word_1_144' title='bbox 556 1397 584 1438; x_wconf 89' lang='lat'>4</span> <span class='ocrx_word' id='word_1_145' title='bbox 616 1398 658 1437; x_wconf 91' lang='lat' dir='ltr'><strong>et</strong></span> <span class='ocrx_word' id='word_1_146' title='bbox 682 1395 795 1437; x_wconf 91' lang='lat' dir='ltr'><strong>Plut.</strong></span> <span class='ocrx_word' id='word_1_147' title='bbox 822 1397 895 1451; x_wconf 78' lang='lat'><strong>293</strong></span> <span class='ocrx_word' id='word_1_148' title='bbox 927 1395 1039 1438; x_wconf 90' lang='lat' dir='ltr'><strong>idem</strong></span> <span class='ocrx_word' id='word_1_149' title='bbox 1071 1399 1214 1438; x_wconf 89' lang='lat' dir='ltr'><strong>autem</strong></span> <span class='ocrx_word' id='word_1_150' title='bbox 1248 1397 1379 1438; x_wconf 88' lang='lat' dir='ltr'><strong>habet</strong></span> <span class='ocrx_word' id='word_1_151' title='bbox 1411 1396 1541 1439; x_wconf 87' lang='lat' dir='ltr'><strong>etiam</strong></span> <span class='ocrx_word' id='word_1_152' title='bbox 1572 1397 1800 1443; x_wconf 85' lang='lat' dir='ltr'><strong>Orosius:</strong></span> 
     </span>
     <span class='ocr_line' id='line_1_20' title="bbox 243 1466 1800 1527; baseline 0.003 -19"><span class='ocrx_word' id='word_1_153' title='bbox 243 1467 360 1508; x_wconf 80' lang='lat' dir='ltr'><strong>‘tunc</strong></span> <span class='ocrx_word' id='word_1_154' title='bbox 385 1466 438 1507; x_wconf 87' lang='lat' dir='ltr'><strong>ad</strong></span> <span class='ocrx_word' id='word_1_155' title='bbox 457 1466 683 1508; x_wconf 89' lang='lat' dir='ltr'><strong>Lucullum</strong></span> <span class='ocrx_word' id='word_1_156' title='bbox 714 1467 848 1509; x_wconf 91' lang='lat' dir='ltr'><strong>totius</strong></span> <span class='ocrx_word' id='word_1_157' title='bbox 873 1482 1006 1522; x_wconf 90' lang='lat' dir='ltr'><strong>paene</strong></span> <span class='ocrx_word' id='word_1_158' title='bbox 1032 1467 1208 1509; x_wconf 87' lang='lat' dir='ltr'><strong>orientis</strong></span> <span class='ocrx_word' id='word_1_159' title='bbox 1234 1467 1446 1523; x_wconf 87' lang='lat' dir='ltr'><strong>supplices</strong></span> <span class='ocrx_word' id='word_1_160' title='bbox 1464 1483 1617 1511; x_wconf 87' lang='lat' dir='ltr'><strong>venere</strong></span> <span class='ocrx_word' id='word_1_161' title='bbox 1638 1469 1800 1527; x_wconf 62' lang='lat' dir='ltr'><strong>legati?</strong></span> 
     </span>
     <span class='ocr_line' id='line_1_21' title="bbox 241 1537 1800 1597; baseline 0.003 -19"><span class='ocrx_word' id='word_1_162' title='bbox 241 1537 435 1593; x_wconf 89' lang='lat' dir='ltr'><strong>Denique</strong></span> <span class='ocrx_word' id='word_1_163' title='bbox 467 1537 720 1579; x_wconf 84' lang='lat' dir='ltr'><strong>seditionem</strong></span> <span class='ocrx_word' id='word_1_164' title='bbox 751 1538 955 1594; x_wconf 84' lang='lat' dir='ltr'><strong>militum,</strong></span> <span class='ocrx_word' id='word_1_165' title='bbox 982 1553 1070 1593; x_wconf 83' lang='lat' dir='ltr'><strong>qua</strong></span> <span class='ocrx_word' id='word_1_166' title='bbox 1101 1538 1305 1581; x_wconf 92' lang='lat' dir='ltr'><strong>Lucullus</strong></span> <span class='ocrx_word' id='word_1_167' title='bbox 1336 1539 1491 1581; x_wconf 84' lang='lat' dir='ltr'><strong>reverti</strong></span> <span class='ocrx_word' id='word_1_168' title='bbox 1522 1542 1693 1583; x_wconf 85' lang='lat' dir='ltr'><strong>coactus</strong></span> <span class='ocrx_word' id='word_1_169' title='bbox 1723 1543 1800 1597; x_wconf 83' lang='lat' dir='ltr'><strong>est,</strong></span> 
     </span>
     <span class='ocr_line' id='line_1_22' title="bbox 242 1607 1800 1664; baseline 0.003 -15"><span class='ocrx_word' id='word_1_170' title='bbox 242 1608 388 1650; x_wconf 89' lang='lat' dir='ltr'><strong>Livius</strong></span> <span class='ocrx_word' id='word_1_171' title='bbox 428 1623 450 1649; x_wconf 90' lang='lat' dir='ltr'><strong>e</strong></span> <span class='ocrx_word' id='word_1_172' title='bbox 482 1607 684 1651; x_wconf 84' lang='lat' dir='ltr'><strong>Sallustio</strong></span> <span class='ocrx_word' id='word_1_173' title='bbox 723 1608 953 1664; x_wconf 89' lang='lat' dir='ltr'><strong>sumpsisse</strong></span> <span class='ocrx_word' id='word_1_174' title='bbox 990 1609 1176 1664; x_wconf 83' lang='lat' dir='ltr'><strong>videtur,</strong></span> <span class='ocrx_word' id='word_1_175' title='bbox 1214 1610 1265 1651; x_wconf 89' lang='lat' dir='ltr'><strong>cf.</strong></span> <span class='ocrx_word' id='word_1_176' title='bbox 1302 1624 1399 1664; x_wconf 90' lang='lat' dir='ltr'><strong>per.</strong></span> <span class='ocrx_word' id='word_1_177' title='bbox 1439 1610 1522 1652; x_wconf 84' lang='lat'><strong>98:</strong></span> <span class='ocrx_word' id='word_1_178' title='bbox 1560 1610 1800 1654; x_wconf 74' lang='lat' dir='ltr'><strong>‘Lucullum</strong></span> 
     </span>
     <span class='ocr_line' id='line_1_23' title="bbox 240 1679 1799 1737; baseline 0.003 -17"><span class='ocrx_word' id='word_1_179' title='bbox 240 1694 294 1721; x_wconf 88' lang='lat' dir='ltr'><strong>ne</strong></span> <span class='ocrx_word' id='word_1_180' title='bbox 337 1682 662 1734; x_wconf 86' lang='lat' dir='ltr'><strong>persequeretur</strong></span> <span class='ocrx_word' id='word_1_181' title='bbox 698 1679 992 1722; x_wconf 87' lang='lat' dir='ltr'><strong>Mithridatem</strong></span> <span class='ocrx_word' id='word_1_182' title='bbox 1036 1695 1084 1722; x_wconf 90' lang='lat' dir='ltr'><strong>ac</strong></span> <span class='ocrx_word' id='word_1_183' title='bbox 1121 1680 1348 1736; x_wconf 85' lang='lat' dir='ltr'><strong>Tigranem</strong></span> <span class='ocrx_word' id='word_1_184' title='bbox 1389 1695 1682 1737; x_wconf 83' lang='lat' dir='ltr'><strong>summamque</strong></span> <span class='ocrx_word' id='word_1_185' title='bbox 1717 1682 1799 1724; x_wconf 82' lang='lat' dir='ltr'><strong>vic-</strong></span> 
     </span>
     <span class='ocr_line' id='line_1_24' title="bbox 241 1750 1798 1809; baseline 0.003 -18"><span class='ocrx_word' id='word_1_186' title='bbox 241 1750 375 1792; x_wconf 90' lang='lat' dir='ltr'><strong>toriae</strong></span> <span class='ocrx_word' id='word_1_187' title='bbox 417 1750 672 1805; x_wconf 83' lang='lat' dir='ltr'><strong>imponeret‚</strong></span> <span class='ocrx_word' id='word_1_188' title='bbox 715 1750 867 1793; x_wconf 90' lang='lat' dir='ltr'><strong>seditio</strong></span> <span class='ocrx_word' id='word_1_189' title='bbox 905 1751 1091 1793; x_wconf 90' lang='lat' dir='ltr'><strong>militum</strong></span> <span class='ocrx_word' id='word_1_190' title='bbox 1128 1751 1267 1793; x_wconf 87' lang='lat' dir='ltr'><strong>tenuit</strong></span> <span class='ocrx_word' id='word_1_191' title='bbox 1311 1750 1383 1806; x_wconf 91' lang='lat' dir='ltr'><strong>qui</strong></span> <span class='ocrx_word' id='word_1_192' title='bbox 1422 1751 1540 1807; x_wconf 90' lang='lat' dir='ltr'><strong>sequi</strong></span> <span class='ocrx_word' id='word_1_193' title='bbox 1577 1752 1798 1809; x_wconf 80' lang='lat' dir='ltr'><strong>nolebant3</strong></span> 
     </span>
     <span class='ocr_line' id='line_1_25' title="bbox 242 1821 1798 1878; baseline 0.002 -15"><span class='ocrx_word' id='word_1_194' title='bbox 242 1821 286 1874; x_wconf 91' lang='lat' dir='ltr'><strong>[i.</strong></span> <span class='ocrx_word' id='word_1_195' title='bbox 313 1836 346 1863; x_wconf 90' lang='lat' dir='ltr'><strong>e.</strong></span> <span class='ocrx_word' id='word_1_196' title='bbox 378 1821 569 1878; x_wconf 88' lang='lat' dir='ltr'><strong>legiones</strong></span> <span class='ocrx_word' id='word_1_197' title='bbox 597 1821 860 1878; x_wconf 81' lang='lat' dir='ltr'><strong>Valerianae,</strong></span> <span class='ocrx_word' id='word_1_198' title='bbox 893 1837 999 1877; x_wconf 89' lang='lat' dir='ltr'><strong>quae</strong></span> <span class='ocrx_word' id='word_1_199' title='bbox 1031 1822 1207 1878; x_wconf 87' lang='lat' dir='ltr'><strong>impleta</strong></span> <span class='ocrx_word' id='word_1_200' title='bbox 1237 1837 1262 1864; x_wconf 92' lang='lat' dir='ltr'><strong>a</strong></span> <span class='ocrx_word' id='word_1_201' title='bbox 1293 1837 1337 1864; x_wconf 89' lang='lat' dir='ltr'><strong>se</strong></span> <span class='ocrx_word' id='word_1_202' title='bbox 1369 1822 1580 1877; x_wconf 85' lang='lat' dir='ltr'><strong>stipendia</strong></span> <span class='ocrx_word' id='word_1_203' title='bbox 1610 1823 1798 1867; x_wconf 85' lang='lat' dir='ltr'><strong>dicentes</strong></span> 
     </span>
     <span class='ocr_line' id='line_1_26' title="bbox 240 1891 1798 1950; baseline 0.002 -16"><span class='ocrx_word' id='word_1_204' title='bbox 240 1892 466 1934; x_wconf 91' lang='lat' dir='ltr'><strong>Lucullum</strong></span> <span class='ocrx_word' id='word_1_205' title='bbox 497 1891 854 1950; x_wconf 76' lang='lat' dir='ltr'><strong>reliquerunt].&#39;4)</strong></span> <span class='ocrx_word' id='word_1_206' title='bbox 915 1893 1027 1943; x_wconf 84' lang='lat' dir='ltr'><strong>Quin</strong></span> <span class='ocrx_word' id='word_1_207' title='bbox 1059 1893 1198 1949; x_wconf 90' lang='lat' dir='ltr'><strong>ipsum</strong></span> <span class='ocrx_word' id='word_1_208' title='bbox 1234 1907 1391 1935; x_wconf 87' lang='lat' dir='ltr'><strong>nomen</strong></span> <span class='ocrx_word' id='word_1_209' title='bbox 1426 1892 1646 1949; x_wconf 88' lang='lat' dir='ltr'><strong>legionum</strong></span> <span class='ocrx_word' id='word_1_210' title='bbox 1675 1893 1798 1937; x_wconf 80' lang='lat' dir='ltr'><strong>Vale·</strong></span> 
     </span>
     <span class='ocr_line' id='line_1_27' title="bbox 241 1963 1342 2020; baseline 0.001 -15"><span class='ocrx_word' id='word_1_211' title='bbox 241 1963 454 2005; x_wconf 87' lang='lat' dir='ltr'><strong>rianarum</strong></span> <span class='ocrx_word' id='word_1_212' title='bbox 487 1979 509 2005; x_wconf 91' lang='lat' dir='ltr'><strong>e</strong></span> <span class='ocrx_word' id='word_1_213' title='bbox 541 1963 732 2006; x_wconf 88' lang='lat' dir='ltr'><strong>Sallustii</strong></span> <span class='ocrx_word' id='word_1_214' title='bbox 764 1978 957 2006; x_wconf 89' lang='lat' dir='ltr'><strong>sermone</strong></span> <span class='ocrx_word' id='word_1_215' title='bbox 988 1967 1235 2020; x_wconf 91' lang='lat' dir='ltr'><strong>promptum</strong></span> <span class='ocrx_word' id='word_1_216' title='bbox 1266 1966 1342 2006; x_wconf 88' lang='lat' dir='ltr'><strong>est.</strong></span> 
     </span>
    </p>

    <p class='ocr_par' dir='ltr' id='par_1_4' title="bbox 239 2028 1860 2374">
     <span class='ocr_line' id='line_1_28' title="bbox 360 2028 1860 2090; baseline 0.001 -14"><span class='ocrx_word' id='word_1_217' title='bbox 360 2034 523 2085; x_wconf 85' lang='lat' dir='ltr'><strong>Quibus</strong></span> <span class='ocrx_word' id='word_1_218' title='bbox 568 2035 619 2076; x_wconf 91' lang='lat' dir='ltr'><strong>de</strong></span> <span class='ocrx_word' id='word_1_219' title='bbox 657 2035 795 2077; x_wconf 89' lang='lat' dir='ltr'><strong>causis</strong></span> <span class='ocrx_word' id='word_1_220' title='bbox 830 2034 1000 2077; x_wconf 85' lang='lat' dir='ltr'><strong>Livium</strong></span> <span class='ocrx_word' id='word_1_221' title='bbox 1037 2034 1239 2078; x_wconf 89' lang='lat' dir='ltr'><strong>Sallustio</strong></span> <span class='ocrx_word' id='word_1_222' title='bbox 1281 2033 1506 2090; x_wconf 86' lang='lat' dir='ltr'><strong>praecipue</strong></span> <span class='ocrx_word' id='word_1_223' title='bbox 1543 2049 1668 2078; x_wconf 87' lang='lat' dir='ltr'><strong>usum</strong></span> <span class='ocrx_word' id='word_1_224' title='bbox 1705 2050 1797 2079; x_wconf 83' lang='lat' dir='ltr'><strong>esse</strong></span> <span class='ocrx_word' id='word_1_225' title='bbox 1858 2028 1860 2030; x_wconf 40' lang='grc'><strong>’</strong></span> 
     </span>
     <span class='ocr_line' id='line_1_29' title="bbox 239 2104 1799 2162; baseline 0.001 -14"><span class='ocrx_word' id='word_1_226' title='bbox 239 2106 388 2162; x_wconf 87' lang='lat' dir='ltr'><strong>negari</strong></span> <span class='ocrx_word' id='word_1_227' title='bbox 418 2121 505 2148; x_wconf 89' lang='lat' dir='ltr'><strong>non</strong></span> <span class='ocrx_word' id='word_1_228' title='bbox 535 2108 695 2161; x_wconf 79' lang='lat' dir='ltr'><strong>potest3</strong></span> <span class='ocrx_word' id='word_1_229' title='bbox 725 2108 1017 2148; x_wconf 85' lang='lat' dir='ltr'><strong>verumtamen</strong></span> <span class='ocrx_word' id='word_1_230' title='bbox 1048 2105 1229 2147; x_wconf 90' lang='lat' dir='ltr'><strong>aliorum</strong></span> <span class='ocrx_word' id='word_1_231' title='bbox 1258 2104 1441 2160; x_wconf 85' lang='lat' dir='ltr'><strong>vestigia</strong></span> <span class='ocrx_word' id='word_1_232' title='bbox 1470 2105 1655 2154; x_wconf 87' lang='lat' dir='ltr'><strong>fontium</strong></span> <span class='ocrx_word' id='word_1_233' title='bbox 1685 2107 1799 2162; x_wconf 82' lang='lat' dir='ltr'><strong>apud</strong></span> 
     </span>
     <span class='ocr_line' id='line_1_30' title="bbox 241 2175 1796 2232; baseline 0.001 -14"><span class='ocrx_word' id='word_1_234' title='bbox 241 2192 338 2219; x_wconf 89' lang='lat' dir='ltr'><strong>eum</strong></span> <span class='ocrx_word' id='word_1_235' title='bbox 381 2177 637 2219; x_wconf 89' lang='lat' dir='ltr'><strong>dinoscenda</strong></span> <span class='ocrx_word' id='word_1_236' title='bbox 678 2179 787 2218; x_wconf 92' lang='lat' dir='ltr'><strong>sunt.</strong></span> <span class='ocrx_word' id='word_1_237' title='bbox 859 2175 1003 2231; x_wconf 90' lang='lat' dir='ltr'><strong>Atque</strong></span> <span class='ocrx_word' id='word_1_238' title='bbox 1042 2176 1228 2231; x_wconf 90' lang='lat' dir='ltr'><strong>primum</strong></span> <span class='ocrx_word' id='word_1_239' title='bbox 1267 2175 1439 2232; x_wconf 90' lang='lat' dir='ltr'><strong>quidem</strong></span> <span class='ocrx_word' id='word_1_240' title='bbox 1481 2190 1579 2219; x_wconf 90' lang='lat' dir='ltr'><strong>cum</strong></span> <span class='ocrx_word' id='word_1_241' title='bbox 1613 2176 1796 2220; x_wconf 85' lang='lat' dir='ltr'><strong>E-utro·</strong></span> 
     </span>
     <span class='ocr_line' id='line_1_31' title="bbox 239 2246 1797 2304; baseline 0.002 -16"><span class='ocrx_word' id='word_1_242' title='bbox 239 2247 353 2303; x_wconf 89' lang='lat' dir='ltr'><strong>pius</strong></span> <span class='ocrx_word' id='word_1_243' title='bbox 384 2246 431 2288; x_wconf 91' lang='grc' dir='ltr'><strong>ΙΙ</strong></span> <span class='ocrx_word' id='word_1_244' title='bbox 462 2249 507 2302; x_wconf 86' lang='grc'><strong>6,</strong></span> <span class='ocrx_word' id='word_1_245' title='bbox 544 2262 641 2302; x_wconf 90' lang='lat' dir='ltr'><strong>per.</strong></span> <span class='ocrx_word' id='word_1_246' title='bbox 675 2248 755 2302; x_wconf 83' lang='lat'><strong>93,</strong></span> <span class='ocrx_word' id='word_1_247' title='bbox 798 2247 908 2289; x_wconf 81' lang='lat' dir='ltr'><strong>Rus.</strong></span> <span class='ocrx_word' id='word_1_248' title='bbox 944 2247 1074 2289; x_wconf 87' lang='lat' dir='ltr'><strong>Fest.</strong></span> <span class='ocrx_word' id='word_1_249' title='bbox 1113 2262 1212 2302; x_wconf 89' lang='lat' dir='ltr'><strong>cap.</strong></span> <span class='ocrx_word' id='word_1_250' title='bbox 1242 2249 1292 2289; x_wconf 88' lang='lat'><strong>11</strong></span> <span class='ocrx_word' id='word_1_251' title='bbox 1339 2246 1569 2289; x_wconf 87' lang='lat' dir='ltr'><strong>memoriae</strong></span> <span class='ocrx_word' id='word_1_252' title='bbox 1611 2248 1797 2304; x_wconf 83' lang='lat' dir='ltr'><strong>tradunt,</strong></span> 
     </span>
     <span class='ocr_line' id='line_1_32' title="bbox 240 2317 1796 2374; baseline 0.001 -13"><span class='ocrx_word' id='word_1_253' title='bbox 240 2318 517 2362; x_wconf 86' lang='lat' dir='ltr'><strong>Nicomedem</strong></span> <span class='ocrx_word' id='word_1_254' title='bbox 559 2317 787 2373; x_wconf 83' lang='lat' dir='ltr'><strong>Bithyniae</strong></span> <span class='ocrx_word' id='word_1_255' title='bbox 830 2332 975 2374; x_wconf 87' lang='lat' dir='ltr'><strong>regem</strong></span> <span class='ocrx_word' id='word_1_256' title='bbox 1024 2317 1277 2360; x_wconf 87' lang='lat' dir='ltr'><strong>morientem</strong></span> <span class='ocrx_word' id='word_1_257' title='bbox 1324 2332 1506 2374; x_wconf 85' lang='lat' dir='ltr'><strong>regnum</strong></span> <span class='ocrx_word' id='word_1_258' title='bbox 1547 2332 1672 2362; x_wconf 88' lang='lat' dir='ltr'><strong>suum</strong></span> <span class='ocrx_word' id='word_1_259' title='bbox 1713 2319 1796 2362; x_wconf 82' lang='lat' dir='ltr'><strong>Ro-</strong></span> 
     </span>
    </p>
   </div>
   <div class='ocr_carea' id='block_1_4' title="bbox 241 2419 523 2426">
    <p class='ocr_par' dir='ltr' id='par_1_5' title="bbox 241 2419 523 2426">
     <span class='ocr_line' id='line_1_33' title="bbox 241 2419 523 2426; baseline 0 752"><span class='ocrx_word' id='word_1_260' title='bbox 241 2419 523 2426; x_wconf 95' lang='lat' dir='ltr'><strong> </strong></span> 
     </span>
    </p>
   </div>
   <div class='ocr_carea' id='block_1_5' title="bbox 240 2480 1796 2942">
    <p class='ocr_par' dir='ltr' id='par_1_6' title="bbox 241 2480 1796 2644">
     <span class='ocr_line' id='line_1_34' title="bbox 362 2480 1796 2528; baseline 0.001 -12"><span class='ocrx_word' id='word_1_261' title='bbox 362 2483 396 2527; x_wconf 90' lang='lat'><strong>1)</strong></span> <span class='ocrx_word' id='word_1_262' title='bbox 424 2481 476 2517; x_wconf 83' lang='lat' dir='ltr'><strong>Of.</strong></span> <span class='ocrx_word' id='word_1_263' title='bbox 502 2480 600 2517; x_wconf 91' lang='lat' dir='ltr'><strong>Plut.</strong></span> <span class='ocrx_word' id='word_1_264' title='bbox 627 2486 666 2517; x_wconf 87' lang='lat'><strong>9:</strong></span> <span class='ocrx_word' id='word_1_265' title='bbox 698 2481 746 2522; x_wconf 85' lang='grc' dir='ltr'><strong>ὡς</strong></span> <span class='ocrx_word' id='word_1_266' title='bbox 778 2481 910 2527; x_wconf 81' lang='grc' dir='ltr'><strong><em>ὀλίγων</em></strong></span> <span class='ocrx_word' id='word_1_267' title='bbox 941 2481 1088 2527; x_wconf 82' lang='grc' dir='ltr'><strong><em>ἡμερῶν</em></strong></span> <span class='ocrx_word' id='word_1_268' title='bbox 1119 2481 1343 2527; x_wconf 78' lang='grc' dir='ltr'><strong><em>ἀναιμωτὶ</em></strong></span> <span class='ocrx_word' id='word_1_269' title='bbox 1374 2481 1421 2517; x_wconf 82' lang='grc' dir='ltr'><strong>τὸ</strong></span> <span class='ocrx_word' id='word_1_270' title='bbox 1453 2482 1621 2527; x_wconf 79' lang='grc' dir='ltr'><strong><em>νίκημα</em></strong></span> <span class='ocrx_word' id='word_1_271' title='bbox 1650 2494 1796 2528; x_wconf 82' lang='grc' dir='ltr'><strong><em>παρα-</em></strong></span> 
     </span>
     <span class='ocr_line' id='line_1_35' title="bbox 241 2539 1793 2586; baseline 0.001 -10"><span class='ocrx_word' id='word_1_272' title='bbox 241 2541 393 2576; x_wconf 79' lang='grc' dir='ltr'><strong><em>δώσων</em></strong></span> <span class='ocrx_word' id='word_1_273' title='bbox 425 2541 551 2581; x_wconf 80' lang='grc' dir='ltr'><em>αὐτοῖς</em></span> <span class='ocrx_word' id='word_1_274' title='bbox 582 2541 620 2575; x_wconf 88' lang='lat' dir='ltr'><strong>et</strong></span> <span class='ocrx_word' id='word_1_275' title='bbox 647 2540 747 2575; x_wconf 85' lang='lat' dir='ltr'><strong>Serv.</strong></span> <span class='ocrx_word' id='word_1_276' title='bbox 779 2541 827 2575; x_wconf 86' lang='lat' dir='ltr'><strong>ad</strong></span> <span class='ocrx_word' id='word_1_277' title='bbox 852 2539 943 2576; x_wconf 88' lang='lat' dir='ltr'><strong>Aen.</strong></span> <span class='ocrx_word' id='word_1_278' title='bbox 965 2540 1016 2575; x_wconf 94' lang='lat' dir='ltr'><strong>XI</strong></span> <span class='ocrx_word' id='word_1_279' title='bbox 1040 2543 1108 2575; x_wconf 81' lang='lat'><strong>421</strong></span> <span class='ocrx_word' id='word_1_280' title='bbox 1143 2540 1200 2586; x_wconf 91' lang='lat' dir='ltr'><strong>(fr.</strong></span> <span class='ocrx_word' id='word_1_281' title='bbox 1219 2540 1271 2575; x_wconf 94' lang='lat' dir='ltr'><strong>III</strong></span> <span class='ocrx_word' id='word_1_282' title='bbox 1293 2541 1370 2585; x_wconf 82' lang='lat'>16):</span> <span class='ocrx_word' id='word_1_283' title='bbox 1407 2539 1562 2575; x_wconf 80' lang='lat' dir='ltr'><strong>‘laudat</strong></span> <span class='ocrx_word' id='word_1_284' title='bbox 1592 2539 1793 2577; x_wconf 77' lang='lat' dir='ltr'><strong>Sallustius</strong></span> 
     </span>
     <span class='ocr_line' id='line_1_36' title="bbox 243 2598 1588 2644; baseline 0.001 -9"><span class='ocrx_word' id='word_1_285' title='bbox 243 2601 372 2643; x_wconf 70' lang='lat' dir='ltr'><strong>duceS,</strong></span> <span class='ocrx_word' id='word_1_286' title='bbox 398 2599 463 2644; x_wconf 88' lang='lat' dir='ltr'><strong>qui</strong></span> <span class='ocrx_word' id='word_1_287' title='bbox 487 2598 685 2635; x_wconf 84' lang='lat' dir='ltr'><strong>victoriam</strong></span> <span class='ocrx_word' id='word_1_288' title='bbox 709 2598 950 2634; x_wconf 90' lang='lat' dir='ltr'><strong>incruento</strong></span> <span class='ocrx_word' id='word_1_289' title='bbox 976 2599 1183 2634; x_wconf 86' lang='lat' dir='ltr'><strong>exercitu</strong></span> <span class='ocrx_word' id='word_1_290' title='bbox 1208 2599 1588 2644; x_wconf 60' lang='lat' dir='ltr'><strong>reportaverunt?</strong></span> 
     </span>
    </p>

    <p class='ocr_par' dir='ltr' id='par_1_7' title="bbox 240 2658 1792 2763">
     <span class='ocr_line' id='line_1_37' title="bbox 360 2658 1792 2705; baseline 0.001 -12"><span class='ocrx_word' id='word_1_291' title='bbox 360 2661 395 2703; x_wconf 85' lang='lat'><strong>2)</strong></span> <span class='ocrx_word' id='word_1_292' title='bbox 425 2659 577 2694; x_wconf 81' lang='lat' dir='ltr'><strong>‘Persas</strong></span> <span class='ocrx_word' id='word_1_293' title='bbox 610 2669 720 2704; x_wconf 88' lang='lat' dir='ltr'><strong>saepe</strong></span> <span class='ocrx_word' id='word_1_294' title='bbox 753 2659 911 2702; x_wconf 84' lang='lat' dir='ltr'><strong>vicerat,</strong></span> <span class='ocrx_word' id='word_1_295' title='bbox 943 2658 1255 2704; x_wconf 86' lang='lat' dir='ltr'><strong>Mesopotamiam</strong></span> <span class='ocrx_word' id='word_1_296' title='bbox 1286 2659 1534 2703; x_wconf 75' lang='lat' dir='ltr'><strong>occupaverat</strong></span> <span class='ocrx_word' id='word_1_297' title='bbox 1566 2659 1605 2694; x_wconf 86' lang='lat' dir='ltr'><strong>et</strong></span> <span class='ocrx_word' id='word_1_298' title='bbox 1635 2659 1792 2705; x_wconf 79' lang='lat' dir='ltr'><strong>Syriam,</strong></span> 
     </span>
     <span class='ocr_line' id='line_1_38' title="bbox 240 2717 644 2763; baseline -0.002 -9"><span class='ocrx_word' id='word_1_299' title='bbox 240 2717 446 2754; x_wconf 86' lang='lat' dir='ltr'><strong>Phoenices</strong></span> <span class='ocrx_word' id='word_1_300' title='bbox 470 2717 644 2763; x_wconf 86' lang='lat' dir='ltr'><strong>partem.&#39;</strong></span> 
     </span>
    </p>

    <p class='ocr_par' dir='ltr' id='par_1_8' title="bbox 359 2776 804 2822">
     <span class='ocr_line' id='line_1_39' title="bbox 359 2776 804 2822; baseline 0.002 -10"><span class='ocrx_word' id='word_1_301' title='bbox 359 2779 395 2822; x_wconf 88' lang='lat'><strong>3)</strong></span> <span class='ocrx_word' id='word_1_302' title='bbox 423 2777 477 2812; x_wconf 84' lang='lat' dir='ltr'><strong>Cf.</strong></span> <span class='ocrx_word' id='word_1_303' title='bbox 503 2776 628 2813; x_wconf 87' lang='lat' dir='ltr'><strong>Front.</strong></span> <span class='ocrx_word' id='word_1_304' title='bbox 654 2776 688 2812; x_wconf 95' lang='lat' dir='ltr'><strong>II</strong></span> <span class='ocrx_word' id='word_1_305' title='bbox 713 2780 746 2822; x_wconf 84' lang='lat'><strong>2,</strong></span> <span class='ocrx_word' id='word_1_306' title='bbox 770 2780 804 2813; x_wconf 84' lang='lat'><strong>4.</strong></span> 
     </span>
    </p>

    <p class='ocr_par' dir='ltr' id='par_1_9' title="bbox 241 2835 1792 2942">
     <span class='ocr_line' id='line_1_40' title="bbox 360 2835 1792 2882; baseline 0.001 -12"><span class='ocrx_word' id='word_1_307' title='bbox 360 2837 395 2880; x_wconf 87' lang='lat'><strong>4)</strong></span> <span class='ocrx_word' id='word_1_308' title='bbox 421 2835 450 2870; x_wconf 89' lang='grc' dir='ltr'><strong>Ε</strong></span> <span class='ocrx_word' id='word_1_309' title='bbox 470 2835 570 2870; x_wconf 86' lang='lat' dir='ltr'><strong>Livii</strong></span> <span class='ocrx_word' id='word_1_310' title='bbox 594 2835 742 2882; x_wconf 84' lang='lat' dir='ltr'><strong>integro</strong></span> <span class='ocrx_word' id='word_1_311' title='bbox 768 2846 878 2882; x_wconf 85' lang='lat' dir='ltr'><strong>opere</strong></span> <span class='ocrx_word' id='word_1_312' title='bbox 903 2835 996 2871; x_wconf 88' lang='lat' dir='ltr'><strong>haec</strong></span> <span class='ocrx_word' id='word_1_313' title='bbox 1015 2836 1130 2871; x_wconf 85' lang='lat' dir='ltr'><strong>verba</strong></span> <span class='ocrx_word' id='word_1_314' title='bbox 1154 2835 1195 2871; x_wconf 90' lang='lat' dir='ltr'><strong>in</strong></span> <span class='ocrx_word' id='word_1_315' title='bbox 1218 2836 1434 2882; x_wconf 84' lang='lat' dir='ltr'><strong>periocham</strong></span> <span class='ocrx_word' id='word_1_316' title='bbox 1458 2835 1688 2882; x_wconf 84' lang='lat' dir='ltr'><strong>interpolata</strong></span> <span class='ocrx_word' id='word_1_317' title='bbox 1711 2847 1792 2872; x_wconf 84' lang='lat' dir='ltr'><strong>esse</strong></span> 
     </span>
     <span class='ocr_line' id='line_1_41' title="bbox 241 2894 1492 2942; baseline 0.002 -12"><span class='ocrx_word' id='word_1_318' title='bbox 241 2894 322 2930; x_wconf 89' lang='lat' dir='ltr'><strong>iure</strong></span> <span class='ocrx_word' id='word_1_319' title='bbox 347 2894 493 2930; x_wconf 87' lang='lat' dir='ltr'><strong>censuit</strong></span> <span class='ocrx_word' id='word_1_320' title='bbox 517 2894 691 2930; x_wconf 66' lang='lat' dir='ltr'><strong>Wolfflin</strong></span> <span class='ocrx_word' id='word_1_321' title='bbox 714 2895 753 2930; x_wconf 91' lang='lat' dir='ltr'><strong>in</strong></span> <span class='ocrx_word' id='word_1_322' title='bbox 779 2897 999 2941; x_wconf 66' lang='lat' dir='ltr'><strong>„comment</strong></span> <span class='ocrx_word' id='word_1_323' title='bbox 1025 2895 1332 2931; x_wconf 87' lang='lat' dir='ltr'><strong>Mommsenian.“</strong></span> <span class='ocrx_word' id='word_1_324' title='bbox 1355 2908 1391 2942; x_wconf 89' lang='lat' dir='ltr'><strong>p.</strong></span> <span class='ocrx_word' id='word_1_325' title='bbox 1412 2899 1492 2933; x_wconf 83' lang='lat'><strong>346.</strong></span> 
     </span>
    </p>
   </div>
  </div>
 </body>
</html>
