1976 3190
295 162 351 203 62
778 161 933 196 Sallusti
958 162 1206 197 Historiarum
1231 162 1296 198 lib.
1316 163 1359 198 ΙΙ.

295 273 423 324 atque
442 284 519 322 per
538 269 758 311 intervalla
782 284 959 324 corpore
985 273 1110 312 aucto
1136 284 1322 312 remeare
1342 268 1516 325 videret,
1541 270 1718 325 cupiens
1742 270 1849 314 scire

296 341 503 393 incognita
538 341 618 382 sibi
645 341 805 394 pabula
846 343 1017 382 taurum
1059 355 1088 382 a
1129 341 1267 383 ceteris
1304 341 1591 394 diyredientem
1633 355 1767 398 usque
1791 342 1851 387 iad

296 411 478 452 insulam
515 411 687 467 navigio
727 414 952 466 prosecuta
989 414 1063 454 est.
1129 411 1257 454 Cuius
1293 424 1477 465 reyressu
1508 411 1671 454 insulae
1701 412 1850 456 fertili-

295 484 429 523 tatem
466 485 771 537 cognoscentes
802 482 983 539 Ligures
1020 482 1186 524 ratibus
1223 482 1285 524 ibi
1323 482 1506 536 profecti
1538 486 1637 524 sunt
1673 497 1850 540 eamque

295 552 466 594 nomine
498 553 689 595 mulieris
720 553 906 596 auctoris
939 556 981 595 et
1013 553 1130 595 ducis
1162 553 1513 608 appellaverunt.’

356 623 509 665 Solin.
535 623 596 665 ΙΠ
621 626 665 666 3:
698 625 721 666 ⁸.
744 659 750 665 .
773 659 780 666 .
807 627 855 666 ut
881 624 1038 679 oppida
1167 623 1281 665 Isid.
1301 624 1385 665 l.l.:
1412 623 1643 667 ‘Dividitur
1667 628 1810 668 autem
1828 641 1853 668 a

297 697 492 736 extructa
531 695 634 750 sint,
669 698 717 736 ut
755 695 941 737 colonias
975 694 1038 736 ibi
1111 693 1304 736 Sardinia
1318 694 1397 736 XX
1410 694 1576 737 milium
1589 696 1712 753 freto,
1724 697 1856 739 cincta

297 765 549 807 deduxerint
573 765 734 807 Marius
763 768 806 807 et
832 765 960 822 Sulla,
992 769 1040 807 ut
1112 766 1313 819 Ligustici
1344 767 1532 819 aequoris
1555 768 1652 809 sinu
1683 767 1736 809 ad
1761 782 1855 823 pro-

295 838 432 890 ipsam
474 837 678 890 Liyustici
725 838 843 878 simos
891 851 1042 890 aequor
1113 839 1308 890 spectum
1339 835 1514 878 Italiae.⁹

296 908 466 951 adluat.²
1578 959 1600 974 ι

415 978 497 1020 Sed
527 978 715 1033 Lepidus
752 978 796 1019 in
831 977 1024 1020 Sardinia
1055 977 1233 1035 (Exup.
1260 994 1301 1033 p.
1327 978 1375 1035 4)
1414 979 1524 1020 ‘cum
1556 979 1719 1022 Triario
1757 995 1852 1036 pro-

297 1053 494 1105 praetore
525 1049 654 1091 variis
686 1049 863 1104 proeliis
895 1049 1184 1106 gravibusque
1217 1049 1426 1105 conflixit3
1457 1065 1556 1092 nam
1588 1050 1682 1106 <is>
1713 1051 1855 1093 soller-

297 1121 461 1162 tissime
493 1120 672 1162 tutando
705 1120 969 1175 provinciam
1001 1120 1153 1171 effecit,
1189 1123 1236 1162 ut
1267 1120 1419 1176 Lepidi
1450 1121 1628 1163 consilia
1658 1137 1766 1164 vana
1797 1123 1856 1164 fo-

297 1194 411 1246 rent3
451 1191 638 1246 undique
679 1191 792 1232 enim
833 1191 1080 1246 prohibitus
1122 1194 1164 1233 et
1204 1191 1516 1234 munitionibus
1556 1207 1581 1234 a
1618 1192 1856 1241 civitatium

230 1265 282 1305 12
298 1262 617 1319 expugnatione
656 1262 860 1318 depulsus
897 1261 970 1319 (fr.
1000 1261 1074 1318 12)
1111 1262 1305 1318 nequivit
1343 1262 1531 1319 cogitata
1567 1264 1770 1319 perficere
1808 1279 1856 1306 ac

249 1333 259 1340 '
299 1334 399 1375 dum
424 1334 560 1375 multa
579 1337 714 1388 parat,
741 1334 890 1375 morbo
917 1333 1034 1390 gravi
1063 1348 1293 1389 oppressus
1319 1337 1362 1375 et
1380 1337 1575 1376 mortuus
1601 1337 1676 1377 est.
1727 1334 1858 1377 Cuius

297 1406 430 1447 socius
461 1409 498 1447 et
533 1406 776 1447 administer
806 1405 1021 1460 Perperna
1056 1439 1063 1446 .
1092 1439 1099 1446 .
1127 1439 1134 1446 .
1163 1439 1170 1446 .
1203 1420 1255 1446 ex
1293 1404 1487 1446 Sardinia
1523 1405 1567 1446 in
1603 1405 1858 1460 Hispaniam

298 1478 565 1517 transvectus
597 1478 662 1517 est
694 1490 742 1517 ac
774 1490 817 1517 se
844 1475 1033 1517 Sertorio
1059 1475 1248 1532 sociavit,
1280 1475 1352 1530 qui
1381 1478 1474 1523 tum
1499 1475 1703 1518 Romanis
1728 1476 1857 1519 armis

299 1547 530 1602 quassabat
560 1546 816 1602 imperium.’
879 1546 937 1588 Et
974 1546 1102 1588 simul
1133 1546 1319 1601 undique
1352 1547 1405 1588 ad
1437 1546 1671 1589 Sertorium
1702 1548 1856 1590 conflu-

160 1619 290 1674 13,14
301 1622 457 1660 xerunt
495 1618 641 1660 exules
679 1617 992 1673 proscriptique
1023 1618 1310 1660 Marianarum
1348 1618 1537 1673 partium
1572 1616 1647 1676 (fr.
1676 1617 1743 1676 13,
1771 1606 1871 1676 14).'

417 1689 532 1740 Quae
559 1704 655 1731 cum
681 1691 921 1745 agerentur,
952 1688 1113 1730 Romae
1145 1689 1270 1743 pulso
1297 1703 1350 1730 ex
1374 1688 1500 1730 Italia
1524 1689 1701 1746 Lepido,
1732 1690 1858 1732 comi-

298 1761 371 1803 tiis
402 1761 583 1817 habitis,
620 1760 822 1802 restituto
855 1760 928 1815 qui
961 1759 1078 1802 Sulla
1109 1759 1204 1801 vivo
1237 1760 1376 1802 fuerat
1407 1760 1468 1802 rei
1501 1759 1700 1815 publicae
1730 1763 1858 1816 statu,

299 1846 394 1873 cum
425 1831 648 1873 Metellum
679 1831 820 1872 minus
851 1831 1051 1872 idoneum
1084 1845 1185 1882 esse,
1224 1830 1297 1885 qui
1336 1830 1451 1872 solus
1488 1830 1690 1874 adversus
1721 1829 1860 1874 Serto-

231 1904 285 1945 15
299 1902 410 1944 rium
442 1903 634 1957 bellaret,
665 1904 868 1958 putarent
899 1900 974 1958 (fr.
1004 1899 1095 1958 15),
1126 1901 1357 1956 Pompeius
1383 1901 1436 1942 ad
1467 1901 1629 1943 bellum
1654 1901 1857 1944 Sertoria-

299 1989 402 2015 num
434 1973 727 2029 proconsulari
759 1972 940 2028 imperio
973 1987 1068 2014 cum
1101 1972 1288 2014 exercitu
1319 1972 1475 2014 missus
1498 1975 1575 2033 est.
1625 1972 1716 2023 Qua
1741 1987 1857 2015 occa-

161 2046 289 2101 16,17
303 2045 421 2087 sione
454 2044 682 2087 Sallustius
720 2044 769 2086 de
807 2047 960 2086 natura
991 2043 1248 2100 ingenioque
1279 2042 1476 2098 Pompeii
1507 2042 1582 2101 (fr.
1611 2045 1677 2099 16,
1705 2042 1779 2101 17)
1810 2058 1859 2086 ac

161 2117 290 2171 18,19
303 2117 353 2157 de
391 2116 549 2158 virtute
588 2116 678 2158 eius
716 2115 870 2158 bellica
907 2114 982 2172 (fr.
1018 2115 1084 2171 18,
1112 2113 1186 2171 19)
1224 2114 1440 2168 disseruit,
1477 2114 1575 2157 dein
1610 2130 1678 2157 res
1715 2114 1770 2157 ab
1808 2129 1858 2157 eo

301 2190 455 2244 gestas,
482 2187 694 2242 imprimis
718 2201 818 2229 vero
845 2201 905 2241 ea,
932 2200 1039 2241 quae
1065 2171 1109 2227 in
1128 2184 1274 2227 Africa
1299 2187 1447 2227 contra
1465 2185 1705 2228 Domitium
1729 2188 1858 2241 atque

159 2258 347 2314 2Ο,21111
378 2257 581 2300 Numidia
613 2260 758 2314 egerat
791 2256 864 2314 (fr.
892 2258 961 2312 20,
986 2255 1074 2314 21),
1112 2256 1323 2311 exposuit.
1384 2256 1597 2299 Sed-mox
1627 2256 1859 2312 Pompeius

302 2328 583 2385 quadraginta
627 2329 777 2370 diebus
821 2327 1010 2370 exercitu
1054 2330 1300 2383 comparato
1344 2342 1422 2382 per
1460 2327 1596 2383 Alpes
1637 2342 1748 2385 nQa
1789 2327 1858 2370 via

301 2399 506 2442 Romanis
544 2399 757 2454 patefacta
795 2399 1096 2455 gentibusque,
1138 2414 1246 2454 quae
1279 2399 1552 2454 obstiterunt,
1592 2397 1775 2453 repulsis
1813 2398 1858 2440 in

232 2473 286 2512 22
301 2470 574 2513 Narbonensi
606 2470 826 2525 provincia
857 2469 1041 2511 hiemem
1073 2470 1163 2526 egit
1194 2470 1270 2528 (fr.
1297 2469 1384 2528 22).

939 2608 1220 2652 Fragmenta.

424 2682 498 2727 1³¹².
562 2682 681 2726 Cum
711 2682 1014 2739 praedixero
1047 2683 1274 2738 positum
1306 2682 1516 2726 insulae.

422 2778 527 2823 App.
573 2778 619 2822 (II
634 2781 651 2812 1
661 2777 704 2822 D⁷
719 2777 762 2822 K,
783 2779 803 2811 8
813 2776 855 2821 Gr,
875 2776 909 2810 H
921 2788 956 2821 p.
972 2780 1037 2810 351
1048 2776 1121 2822 ΒΓ.)
1135 2798 1182 2802 --
1194 2776 1328 2812 Donat.
1345 2776 1394 2811 ad
1407 2776 1553 2812 Terent.
1568 2774 1713 2812 Phorm.
1725 2775 1744 2811 Ι
1757 2780 1789 2821 2,
1799 2779 1856 2812 47.

422 2842 587 2881 Comm.
648 2842 779 2880 Verba
817 2841 1024 2881 Gerlachio
1068 2843 1230 2880 auctore
1268 2842 1318 2880 ad
1357 2841 1562 2883 Sardiniae
1599 2841 1755 2880 insulae
1793 2841 1858 2879 de-

304 2901 558 2951 scriptionem
583 2902 710 2940 relata
736 2902 1009 2951 spectarentne
1035 2900 1169 2949 potius
1196 2900 1246 2939 ad
1272 2899 1430 2939 Cretam
1460 2900 1633 2938 insulam
1657 2899 1859 2940 dubitavit
