2008 3204
531 129 729 171 Enarratio
750 132 901 164 23—41.
929 148 973 154 -—
1003 127 1227 173 Fragmenta
1247 129 1302 162 20.
1324 130 1380 162 21.
1656 115 1738 164 167

289 240 435 296 Atque
461 239 635 297 fugitivi
661 238 926 300 praedonum
947 252 1041 294 ope,
1075 236 1334 292 quibuscum
1359 234 1610 278 societatem
1634 233 1740 275 fece-

169 314 287 367 rant,
323 311 566 368 transgredi
596 310 643 353 in
673 309 863 353 Siciliam
894 308 1229 364 constituerunt,
1266 310 1411 350 tamen
1443 321 1539 349 cum
1572 304 1740 360 decepti

166 383 226 428 ab
257 382 346 427 illis
376 385 471 426 tum
501 381 706 426 fluctibus
738 379 935 436 impediti
968 379 1223 435 depulsique
1255 395 1280 421 a
1307 379 1350 422 O.
1375 378 1510 422 Verre
1542 380 1740 433 praetore

168 455 341 500 abiecto
369 455 452 498 hoc
477 453 656 498 consilio
682 467 829 496 rursus
860 452 905 494 in
937 452 1073 494 saltus
1104 454 1372 494 recesserunt
1403 450 1554 508 (Plut.
1582 449 1739 491 Crass.

168 541 202 572 c.
224 528 281 570 10
301 526 356 569 ad
378 526 560 570 ἐκάθισε
583 527 663 570 τὸν
682 525 872 582 στρατὸν
898 526 960 574 εἰς
984 524 1065 578 τὴν
1085 522 1296 578 ΗΡηγινων
1322 524 1608 579 χερρόνησον
1634 519 1739 562 adde

166 598 225 643 fr.
251 597 460 656 30-33).
521 597 581 640 Et
613 596 790 640 Crassus
821 595 990 653 magnis
1021 595 1227 651 operibus
1259 609 1331 637 eos
1369 593 1660 649 circumdedit,
1692 595 1740 634 ut
1760 562 1830 678 ἐξ)
1844 562 1914 664 ἐξ)

0 641 17 720 ,ᾧ
73 656 81 659 ⁷⁴
166 670 280 713 fame
304 669 521 727 fatigaret,
546 669 620 712 sed
641 668 706 711 illi
730 670 861 711 noctu
888 682 967 723 per
990 666 1253 709 munitiones
1278 667 1569 721 perruperunt
1589 663 1738 722 (Plut.

167 740 196 785 l.
227 741 254 784 l.
292 740 391 784 inde
431 741 486 784 ab
525 740 728 784 ἐπελθὼν
763 738 812 783 δὲ
843 739 1051 795 Κράσσος
1094 738 1146 780 ad
1183 738 1253 779 fin.
1293 751 1383 792 cap.
1376 770 1402 791 .,
1443 737 1498 779 fr.
1529 738 1642 779 34—
1649 735 1737 792 36)
1758 736 1816 778 34
1817 736 1976 793 ‚35‚36

164 811 276 856 Tum
319 827 421 856 vero
465 812 805 856 dissensionibus
848 811 962 853 inter
1003 809 1213 868 fugitivos
1257 808 1364 852 ortis
1407 808 1487 866 (fr.
1520 807 1599 864 37)
1642 822 1738 850 cum
1759 808 1814 850 37

165 883 301 928 Gallis
349 884 403 927 ad
445 884 587 927 lacum
629 883 842 926 Lucaniae
886 882 1099 939 quendam
1142 881 1219 940 (fr.
1253 879 1330 937 38)
1374 894 1631 937 congressus
1675 882 1739 921 est
1760 879 1815 922 38

165 955 361 1014 Crassus,
398 958 443 999 et
478 971 580 999 mox
617 954 1073 1012 appropinquantibus
1110 954 1167 997 Μ.
1198 952 1378 996 LuquJo
1418 951 1578 1008 Cn.que
1617 951 1739 994 Pom-

163 1027 277 1085 peio,
307 1043 416 1085 quos
441 1027 582 1070 hieme
608 1028 882 1071 arcessendos
907 1029 1131 1069 censuerat
1157 1028 1330 1068 senatus
1356 1023 1432 1081 (fr.
1459 1022 1550 1080 39),
1581 1023 1738 1065 iterum
1759 1023 1815 1065 39

164 1099 336 1144 eosdem
372 1099 540 1143 insidiis
581 1114 811 1157 aggressus
852 1097 927 1157 (fr.
953 1097 1033 1155 40)
1070 1098 1197 1154 plane
1236 1098 1324 1140 fere
1363 1096 1531 1140 delevit.
1592 1095 1738 1151 Atque
1757 1094 1816 1137 40

162 1171 250 1215 iam
280 1170 532 1228 Spartacus,
564 1186 824 1228 quamquam
855 1171 1048 1228 legatum
1081 1169 1222 1212 Crassi
1255 1168 1494 1225 superavit,
1531 1168 1607 1210 ubi
1641 1182 1738 1210 cum

162 1243 424 1301 imperatore
449 1243 657 1300 conflixit,
688 1243 782 1299 ipse
809 1243 974 1286 occisus
1006 1241 1082 1300 (fr.
1108 1240 1200 1299 41),
1232 1241 1446 1284 exercitus
1478 1240 1617 1283 omnis
1648 1240 1737 1282 fere
1757 1238 1812 1280 41

163 1315 330 1360 deletus
361 1331 411 1359 ac
447 1315 668 1372 dispersus
706 1318 773 1358 est
803 1315 954 1373 (Plut.
987 1329 1020 1357 c.
1050 1313 1137 1371 11).
1200 1313 1422 1369 Reliquias
1454 1315 1599 1354 autem
1631 1311 1735 1354 belli

162 1390 213 1431 ut
235 1387 507 1447 profligaret,
537 1387 747 1444 Pompeio
778 1386 915 1443 Alpes
946 1386 1073 1429 modo
1105 1390 1375 1443 transgresso
1408 1383 1603 1441 contigit.

806 1536 1090 1583 Fragmenta.

282 1614 359 1659 20.
409 1615 604 1659 Rursus
634 1614 863 1658 iumenta
893 1613 1033 1657 nacti
1053 1613 1125 1656 vad
1157 1612 1402 1669 oppidum
1429 1611 1502 1656 ire
1528 1616 1736 1656 conten-

162 1688 300 1732 dunt

279 1781 386 1829 App.
436 1781 502 1828 (IV
520 1781 600 1827 3D,
626 1785 672 1817 24
684 1780 729 1827 K,
756 1784 802 1817 60
816 1780 859 1827 G,
885 1781 920 1816 H
943 1793 979 1827 p.
1002 1783 1070 1816 145
1083 1780 1158 1827 Br.)
1183 1800 1231 1807 -
1254 1779 1400 1815 Nonius
1419 1778 1472 1815 IV
1494 1791 1530 1826 p.
1552 1783 1631 1816 258.

280 1853 446 1894 Comm.
509 1853 707 1900 Quoniam
745 1854 882 1903 aperte
914 1852 972 1897 de
992 1851 1191 1891 militibus
1223 1852 1371 1904 agitur,
1410 1851 1481 1902 qui
1513 1851 1554 1890 in
1587 1852 1733 1902 oppido

161 1914 298 1966 aliquo
328 1915 540 1954 morantur
569 1915 610 1953 et
645 1913 737 1952 inde
774 1912 937 1964 rapinas
974 1912 1131 1952 faciunt
1162 1925 1288 1963 eoque
1320 1911 1412 1950 dein
1444 1924 1484 1951 se
1522 1912 1733 1964 recipiunt,

160 1975 212 2015 ad
240 1974 437 2027 fugitivos
467 1974 740 2026 fragmentum
770 1973 917 2013 referre
943 1986 1023 2011 non
1048 1972 1188 2011 dubito
1216 1974 1256 2011 et
1283 1971 1333 2010 ad
1358 1972 1400 2010 id
1425 1972 1616 2022 temporis
1644 1985 1732 2023 spa-

159 2034 276 2087 tium,
306 2047 399 2074 cum
425 2033 586 2073 Thuriis
612 2034 744 2073 castra
767 2033 970 2073 habebant
999 2035 1040 2072 et
1065 2046 1112 2072 ex
1138 2032 1283 2083 oppido
1315 2030 1470 2083 θαμινὰ
1502 2030 1566 2072 ἐπὶ
1597 2035 1733 2084 λεηλα-

160 2093 248 2142 σίας
272 2091 447 2150 ἐξῄεσαν.
496 2094 551 2132 Et
575 2093 771 2146 fugitivos
796 2094 870 2133 hoc
895 2094 983 2133 loco
1009 2093 1136 2132 dictos
1162 2105 1245 2132 esse
1272 2092 1529 2132 consentiunt
1548 2092 1733 2133 editores.

279 2184 358 2232 21.
425 2184 617 2242 Omnis,
655 2185 844 2242 quibus
876 2188 1083 2228 senecto
1116 2199 1331 2241 corpore
1364 2184 1561 2227 animus
1599 2184 1732 2227 mili-

160 2258 291 2302 taris
322 2260 444 2301 erat.

277 2351 384 2399 App.
411 2351 476 2398 (IV
484 2350 581 2397 631),
595 2350 692 2396 64K,
705 2355 748 2387 12
758 2351 800 2397 G,
812 2350 1500 2398 Hp.322Br.)—Priscian.IX.X(Hp.
1511 2354 1581 2387 484
1589 2353 1628 2387 et
1636 2354 1728 2396 512).

279 2422 446 2464 Gomm.
504 2423 691 2474 Spectare
716 2424 814 2463 haec
839 2424 961 2463 verba
993 2423 1042 2462 ad
1074 2423 1267 2463 dilectum
1299 2423 1499 2474 quendam
1530 2422 1729 2474 videntur,

158 2486 257 2524 tune
285 2483 487 2535 habitum,
525 2497 617 2523 cum
648 2483 789 2536 ingens
826 2483 1004 2523 militum
1033 2483 1291 2534 virorumque
1323 2483 1460 2533 inopia
1491 2483 1533 2521 in
1566 2482 1730 2521 civitate

159 2546 250 2586 orta
266 2541 359 2596 vest;
397 2556 521 2595 quare
552 2543 595 2582 in
631 2543 772 2583 iisdem
809 2543 1054 2595 explicandis
1083 2543 1345 2584 Debrossium
1382 2543 1496 2594 sequi
1532 2542 1651 2582 iubeo
1689 2544 1730 2582 et

158 2604 211 2644 ad
248 2606 490 2644 autumnum
526 2604 622 2643 anni
656 2605 708 2643 72
745 2605 892 2656 refero,
930 2617 1010 2655 quo
1043 2604 1210 2643 Crassus
1247 2606 1388 2644 contra
1423 2603 1618 2655 fugitivos
1656 2602 1728 2642 im-

156 2666 322 2716 perator
351 2666 510 2703 creatus
543 2663 761 2703 exercitum
785 2664 935 2710 Romae
967 2664 1226 2715 comparavit.
1283 2664 1423 2714 Neque
1456 2662 1562 2702 enim
1593 2662 1729 2713 aptius

157 2723 253 2764 novi
283 2723 474 2774 temporis
505 2725 764 2776 momentum,
797 2737 919 2776 quam
945 2724 1059 2776 illud,
1093 2737 1172 2775 quo
1204 2724 1405 2763 Romanos
1436 2723 1552 2762 bellis
1583 2722 1625 2761 in
1656 2722 1728 2761 Hi-

157 2783 312 2837 spania,
341 2782 452 2836 Asia,
490 2783 672 2835 Thracia,
711 2783 830 2824 Creta
860 2783 1048 2835 omnique
1078 2784 1181 2823 mari
1213 2783 1482 2823 saevientibus
1514 2782 1727 2833 compluri-

156 2843 313 2896 busque
357 2843 598 2884 exercitibus
635 2856 659 2882 a
696 2844 880 2896 fugitivis
923 2844 1048 2884 caesis
1091 2857 1292 2883 recurrere
1332 2844 1381 2882 ad
1419 2843 1589 2883 maiores
1627 2844 1727 2882 natu

157 2904 336 2945 homines
367 2905 527 2944 coactos
558 2916 642 2944 esse
673 2917 867 2956 perquam
899 2904 1004 2944 credi
1034 2907 1179 2955 potest.
