1916 3178
877 154 1165 196 ..80-

244 258 453 301 exercitus
485 255 743 314 dimisere¹)‚
787 258 888 300 dum
928 259 1170 314 triumphus
1211 259 1404 300 decretus
1437 261 1639 314 actusque
1670 258 1800 316 esset3

243 329 472 384 Pompeius
509 328 680 384 quidem
717 343 793 384 per
828 329 883 371 M.
915 329 1101 372 Lollium
1132 330 1380 372 Palicanum
1411 328 1632 373 tribunum
1661 329 1800 386 plebis

243 415 443 457 magnam
474 414 605 455 prope
643 399 793 442 urbem
830 399 1117 457 contionem2)
1147 400 1317 456 habuit,
1356 399 1534 442 consilia
1563 414 1640 443 sua
1670 400 1800 456 expli-

243 471 423 526 citurus,
463 474 556 512 tum
592 470 699 526 prid.
730 471 822 513 Kal.
854 470 1017 513 Ianuar.
1060 471 1176 514 anni
1211 472 1272 514 70
1309 485 1405 512 cum
1442 470 1616 514 Metello
1652 471 1800 515 trium-

242 539 452 598 phavit3),
490 556 587 583 cum
619 541 794 584 Crassus
827 541 1112 599 ovationem)
1151 556 1258 598 quae
1296 541 1452 584 dicitur
1486 545 1638 585 nactus
1676 545 1798 585 esset.

244 613 464 655 Crassum
474 615 618 654 autem
650 612 695 654 in
726 613 972 655 consulatus
1002 613 1211 669 petitione
1243 613 1296 654 ab
1329 627 1378 654 eo
1410 615 1587 669 rogatus
1616 612 1801 656 libenter

243 683 415 726 adiuvit.
419 682 455 740 5)
504 682 710 726 Attamen
733 687 961 739 postquam
987 684 1256 727 consulatum
1281 683 1480 740 inierunt,
1506 684 1644 727 denuo
1669 683 1800 727 etiam

243 753 548 811 inimicioresss)
580 754 662 797 sibi
695 755 797 796 facti
830 758 947 809 sunt,
979 769 1107 810 quam
1140 757 1273 797 antea.
1751 766 1754 767 ’

359 825 422 868 Ac
458 825 645 881 primum
689 825 883 867 consules
926 825 1199 868 tribuniciam
1238 823 1558 882 potestatem7),
1599 822 1644 867 id
1687 792 1800 882 quod

242 897 489 939 iamdudum
538 896 785 951 cupiverant
833 896 1077 953 populares,
1128 897 1307 938 eundem
1357 911 1440 952 quo
1490 899 1588 939 ante
1637 894 1800 939 Sullam

242 970 380 1011 fuerat
425 968 469 1010 in
512 967 685 1009 modum
728 967 1026 1023 restituerunt3
1070 967 1219 1009 deinde
1260 982 1482 1010 censorum
1523 967 1799 1011 creandorum

242 1042 436 1081 auctores
467 1039 639 1080 fuerunt
672 1038 798 1080 Gellii
829 1037 1145 1096 Lentuliquess),
1183 1039 1256 1094 qui
1291 1039 1465 1097 vbiennio
1497 1042 1622 1080 antea
1652 1052 1802 1081 consu·-

240 1111 331 1152 latu
362 1109 498 1151 functi
531 1112 668 1165 erant3
700 1112 792 1151 tum
823 1109 868 1151 L.
894 1109 1058 1152 Aurelii
1086 1109 1236 1152 Cottae
1266 1110 1361 1166 lege
1393 1104 1655 1166 iudiciaria9)
1685 1109 1799 1165 equi-

241 1181 359 1223 tibus
397 1180 667 1236 tribunisque
706 1180 879 1222 aerariis
911 1180 1066 1223 iudicia
1102 1196 1127 1222 a
1158 1180 1276 1223 Sulla
1313 1181 1484 1236 dempta
1514 1180 1798 1223 reddiderunt.

241 1251 408 1293 Interea
447 1251 673 1293 notissima
712 1251 859 1294 Verris
899 1252 973 1293 illa
1012 1252 1066 1294 lis
1107 1255 1350 1294 accusatore
1389 1252 1444 1294 M.
1487 1251 1686 1294 Cicerone
1727 1251 1798 1308 agi

242 1326 391 1378 coepta
423 1326 498 1364 est.
560 1322 789 1378 Pompeius
821 1325 964 1364 autem
995 1323 1118 1365 ludos
1149 1323 1316 1365 votivos
1327 1321 1378 1379 ¹⁰)
1411 1322 1527 1364 dedit
1557 1322 1799 1378 quindecim

240 1409 317 1448 per
348 1394 436 1435 dies
469 1393 604 1435 mensi
636 1393 788 1436 Sextili
820 1394 1008 1448 habitos,
1040 1409 1088 1436 ac
1120 1394 1318 1436 similiter
1349 1393 1542 1449 Crassus,
1578 1396 1628 1436 ut
1657 1393 1799 1449 plebis

241 1465 421 1521 gratiam
447 1464 700 1520 reciperaret
721 1465 941 1520 splendida
960 1464 1134 1507 Herculi
1155 1465 1233 1507 deo
1253 1465 1354 1507 fecit
1374 1462 1561 1522 sacra.¹¹)
1601 1465 1798 1507 Exeunte

362 1655 395 1696 1)
421 1652 519 1688 Plut.
546 1653 584 1687 et
608 1654 703 1698 App.
730 1652 753 1688 l.
781 1653 805 1688 l.

359 1715 396 1755 2)
422 1712 554 1747 Ascon.
581 1723 617 1756 p.
636 1716 713 1746 103.
739 1716 823 1755 1933
856 1712 944 1748 Sall.
964 1711 1008 1748 fr.
1028 1711 1080 1747 IV
1101 1716 1146 1747 30
1178 1713 1216 1747 et
1242 1716 1305 1748 325
1340 1711 1401 1747 ‘Si
1425 1711 1520 1748 nihil
1547 1714 1635 1748 ante
1661 1712 1797 1750 adven-

241 1771 321 1804 tum
348 1782 454 1805 suum
479 1770 580 1805 inter
603 1770 752 1815 plebem
773 1772 809 1806 et
829 1773 955 1816 patres
976 1770 1222 1815 convenisset,
1250 1781 1375 1806 coram
1396 1783 1435 1808 se
1455 1772 1627 1807 daturum
1647 1782 1798 1818 operam

242 1850 569 1856 —————
594 1829 830 1865 multitudini
856 1830 1072 1875 ostendens,
1108 1841 1220 1875 quam
1246 1830 1367 1866 colere
1393 1831 1614 1877 plurimum,
1645 1833 1688 1867 ut
1712 1843 1799 1868 mox

240 1888 377 1934 cupitis
403 1888 615 1924 ministram
639 1889 812 1934 haberet,
839 1889 1088 1926 decreverat)

360 1950 395 1993 3)
421 1948 517 1983 Plut.
539 1948 665 1994 Pomp.
688 1954 748 1993 223
774 1948 871 1984 Vell.
890 1949 924 1983 II
944 1953 1005 1992 303
1031 1948 1115 1984 Val.
1142 1949 1238 1984 Max.
1259 1949 1346 1985 VIII
1369 1952 1421 1995 15,
1442 1954 1480 1994 83
1506 1949 1662 1996 Eutrop.
1680 1950 1732 1987 VI
1757 1955 1796 1995 5;

243 2007 339 2043 Flor.
366 2007 400 2041 II
429 2011 483 2052 10,
510 2012 549 2052 93
576 2007 690 2044 schol.
716 2008 808 2043 Bob.
835 2020 870 2053 p.
891 2012 970 2043 307.

359 2068 395 2113 4)
419 2066 516 2103 Plut.
544 2066 663 2103 Crass.
691 2070 752 2111 113
779 2067 872 2102 Gell.
898 2066 932 2102 V
952 2071 990 2112 63
1016 2067 1111 2103 Plin.
1133 2067 1200 2103 XV
1224 2071 1299 2103 125.

360 2129 395 2170 5)
420 2126 517 2162 Plut.
544 2126 662 2161 Crass.
691 2131 751 2170 12;
778 2127 904 2171 Pomp.
932 2130 994 2170 223
1022 2126 1108 2163 Sall.
1136 2126 1179 2162 fr.
1206 2126 1259 2162 IV
1283 2130 1346 2163 33:
1379 2127 1591 2173 ‘Collegam
1615 2127 1795 2164 minorem

241 2186 279 2220 ct
305 2184 362 2219 sui
388 2186 568 2220 cultorem
594 2186 821 2230 expectans!

359 2245 395 2286 6)
421 2244 517 2279 Plut.
533 2244 608 2288 l.1.‚
624 2244 711 2280 Sall.
727 2244 770 2280 sr.
785 2244 836 2280 IV
850 2249 911 2279 34:
933 2243 1103 2279 ‘Crassus
1119 2243 1332 2280 obtrectans
1351 2244 1477 2290 potius
1497 2245 1664 2291 collegae
1685 2256 1797 2290 quam

240 2303 330 2339 boni
356 2305 422 2338 aut
445 2302 536 2338 mali
561 2302 704 2348 publici
730 2314 874 2348 gnavus
899 2303 1076 2338 exactor!
1645 2337 1647 2339 .

361 2363 395 2407 7)
420 2362 517 2398 Plut.
543 2362 671 2408 Pomp.
698 2366 759 2405 223
786 2362 918 2398 Ascon.
951 2375 985 2408 p.
1008 2366 1075 2398 103
1104 2364 1142 2398 et
1171 2367 1253 2407 1933
1285 2363 1400 2400 schol.
1422 2363 1515 2399 Bob.
1547 2377 1581 2410 p.
1596 2356 1687 2408 '39⁷3
1718 2362 1794 2400 Liv.

241 2432 316 2466 per.
345 2425 406 2465 973
432 2421 529 2457 Vell.
555 2421 589 2456 II
615 2425 670 2457 30.

361 2482 397 2526 8)
423 2480 520 2516 Plut.
547 2480 674 2525 Pomp.
701 2485 763 2523 223
789 2480 867 2516 Liv.
894 2491 970 2526 per.
997 2484 1060 2524 983
1086 2482 1218 2516 Ascon⁴
1246 2493 1279 2526 p.
1310 2485 1355 2516 84
1380 2483 1419 2516 et
1446 2485 1521 2517 150.
1562 2502 1604 2508 —-
1643 2480 1795 2517 creatos

242 2550 323 2574 esse
349 2550 521 2575 censores
547 2539 665 2574 mensi
691 2539 813 2584 Aprili
838 2540 897 2574 vel
924 2539 1023 2574 Maio
1050 2540 1233 2575 conclusit
1257 2542 1385 2586 Lange
1410 2540 1478 2579 1,1,
1509 2552 1545 2586 p.
1575 2544 1658 2584 1933
1695 2542 1796 2576 certe

241 2610 327 2634 vero
354 2600 556 2643 antequam
583 2598 737 2634 comitia
761 2599 987 2635 haberentur
1011 2599 1087 2634 iam
1112 2598 1296 2634 nominati
1321 2601 1437 2636 erant.

360 2660 395 2703 9)
420 2657 519 2694 Plut.
550 2657 678 2703 Pomp.
711 2661 773 2701 223
808 2657 942 2694 Ascon.
978 2670 1014 2703 p.
1045 2663 1098 2694 16.
1134 2662 1190 2694 67.
1226 2662 1282 2695 78.
1321 2662 1398 2694 103.
1435 2662 1518 2701 127;
1554 2657 1669 2694 schol.
1703 2657 1794 2694 Bob.

240 2728 277 2761 p.
303 2721 385 2753 229.
423 2722 504 2753 235.
543 2721 628 2762 3393
668 2716 781 2752 schol.
820 2716 978 2754 Gronov.
1016 2729 1052 2762 p.
1079 2721 1165 2761 3863
1203 2717 1281 2754 Liv.
1319 2728 1395 2763 per.
1433 2721 1496 2762 97;
1533 2716 1630 2753 Vell.
1663 2717 1698 2752 II
1731 2721 1794 2763 323

241 2775 287 2810 cf.
313 2775 438 2820 Lange
463 2787 498 2821 p.
521 2779 599 2813 196.

338 2838 394 2878 10)
420 2834 558 2871 Ascon:
578 2846 614 2880 p.
637 2839 715 2871 142.
743 2837 827 2879 1503
855 2834 968 2871 schol.
990 2833 1100 2871 Gron.
1126 2847 1160 2880 p.
1183 2838 1268 2880 3953
1296 2834 1370 2872 Cic.
1389 2834 1491 2871 Verr.
1519 2835 1590 2871 act.
1616 2834 1634 2869 I
1652 2838 1710 2871 31.

339 2895 395 2937 11)
421 2894 508 2928 Plut
528 2894 644 2931 crass.
675 2898 732 2930 12,
1345 2890 1347 2893 ‘
