2034 3184
322 131 408 174 216
967 129 1165 175 Appendix
1190 129 1233 165 H.

321 236 640 297 grammatici*)
672 236 741 295 (ir.
772 236 793 279 I
820 238 917 294 101,
947 236 988 280 H
1014 236 1102 296 81),
1132 238 1296 294 inclytis
1326 238 1459 280 habet
1483 238 1523 280 V
1551 239 1605 281 fr.
1629 238 1690 287 IV
1715 239 1784 296 69,
1804 239 1879 296 193

321 312 466 366 itaque
504 308 624 364 sequi
661 307 910 362 memoriam
946 308 1105 352 rectius
1136 311 1254 365 puto.
1306 308 1398 359 ‚Sed
1435 309 1562 352 libens
1597 309 1781 365 legimus
1808 309 1879 352 vel

322 382 366 422 in
397 379 676 435 inscriptione
707 379 880 422 secundi
911 394 946 421 a.
973 378 1068 423 Chr.
1093 394 1134 422 n.
1166 379 1418 438 saeculi**)‚
1456 382 1584 436 atque
1620 380 1683 422 ita
1717 379 1879 436 ubique

322 452 454 493 habet
473 453 798 493 monumentum
809 449 1083 506 Ancyranum
1102 451 1236 507 (velut
1249 452 1468 503 manibz'as,
1487 449 1747 509 reciperem)
1765 450 1881 507 apud

322 522 573 566 Sallustium
603 522 718 564 haud
746 522 871 564 aliter
896 521 1027 565 fuisse
1053 523 1237 566 efficitur
1262 523 1417 566 codicis
1440 522 1481 565 V
1505 522 1687 566 lectione
1711 523 1881 567 h'bidine

322 595 372 637 fr.
397 593 418 636 I
444 595 511 651 77,
541 596 606 650 17,
637 594 731 636 libet
760 593 862 636 ibid.
889 595 956 636 20.
1015 593 1173 637 Contra
1204 594 1249 636 in
1278 594 1526 637 nominibus
1556 593 1745 650 propriis
1774 592 1882 637 anti-

323 664 494 720 quiores
531 668 721 708 servatae
761 680 851 708 esse
886 665 1084 707 videntur
1115 666 1292 723 formae,
1328 665 1446 708 velut
1480 664 1664 708 &arenas
1698 664 1882 722 legimus
1942 692 1947 695 -
2022 655 2023 658 Ἴ

324 736 367 778 in
392 735 659 778 Berolinensi
690 736 984 792 palimpsesto,
1016 736 1066 778 fr.
1091 735 1132 778 H
1155 737 1231 792 433
1261 736 1392 789 Sulla,
1423 751 1511 779 non
1535 735 1654 791 Sylla
1682 735 1751 779 vel
1768 734 1884 780 ‚Silla

265 857 268 860 ⁴
324 807 533 862 scriptum
565 822 657 850 esse
688 823 713 850 a
744 807 947 851 Sallustio
978 822 1103 850 nemo
1135 807 1332 864 negabit3
1363 807 1508 863 itaque
1541 809 1688 850 contra
1718 806 1884 851 codices

326 878 461 922 Servii
492 879 542 921 fr.
568 878 610 921 H
633 880 692 922 40
723 879 961 934 Iapudiam,
991 894 1078 921 non
1110 879 1325 933 Iapidiam
1356 879 1478 922 edere
1509 878 1706 935 praetuli.

445 985 490 1029 2.
551 985 621 1028 De
653 985 892 1042 gerundii
924 985 1113 1036 formis.

443 1056 587 1099 Etiam
619 1056 874 1114 gerundium
905 1057 950 1099 in
976 1056 1178 1099 Sallustio
1210 1071 1297 1099 non
1323 1056 1474 1114 effugit
1498 1071 1650 1100 manus
1675 1056 1886 1100 editorum

325 1128 582 1171 nostratium
623 1128 926 1185 ἀρχαῖζοντας,
971 1128 1043 1184 qui
1088 1128 1290 1171 continuo
1330 1130 1539 1183 yerundus
1581 1130 1625 1170 et
1663 1129 1887 1183 faciundas

327 1200 562 1255 ediderunt,
589 1201 799 1255 yar-endas,
827 1200 1044 1254 faciendus
1075 1199 1201 1255 plane
1234 1202 1493 1255 spreverunt.
1553 1198 1697 1255 Atque
1733 1198 1888 1242 utrius-

329 1287 411 1327 que
431 1272 591 1314 formae
613 1286 719 1326 quae
740 1271 795 1313 sit
816 1270 950 1328 origo⁷
976 1286 1128 1326 parum
1154 1273 1317 1313 certum
1338 1270 1445 1312 mihi
1469 1268 1758 1328 videturffl);
1783 1269 1887 1328 quin

326 1344 487 1385 formae
514 1358 592 1398 per
612 1357 665 1385 -e-
686 1342 871 1397 scriptae
890 1341 1192 1384 vetustissimis
1215 1357 1302 1384 non
1321 1341 1446 1384 modo
1466 1340 1642 1398 Latinis,
1667 1341 1741 1384 sed
1759 1340 1888 1385 etiam

326 1413 448 1457 Italis
468 1414 668 1470 propriae
688 1413 861 1470 fuerint,
886 1413 1036 1469 procul
1057 1413 1186 1455 dubio
1208 1416 1272 1455 est
1293 1413 1446 1456 collata
1464 1413 1728 1456 Umbrorum
1751 1414 1890 1456 forma

328 1487 553 1540 anferener.
611 1484 885 1528 Grammatici
917 1484 1052 1540 latini,
1085 1488 1134 1527 ut
1165 1499 1243 1540 per
1268 1499 1322 1527 -e-
1351 1485 1483 1527 verba
1508 1500 1530 1527 e
1557 1485 1890 1528 consonantibus

330 1555 542 1611 stirpibus
568 1556 751 1598 formata
777 1555 1076 1613 scriberentur,
1107 1558 1429 1612 praeceperunt,
1455 1555 1505 1597 de
1527 1555 1682 1613 verbis,
1708 1571 1889 1613 quorum

329 1642 531 1683 praesens
562 1642 640 1682 per
670 1628 746 1671 -io-
776 1627 990 1669 redditum
1016 1629 1092 1682 est,
1124 1627 1339 1669 dubitavit
1372 1629 1414 1669 et
1440 1627 1816 1684 grammaticorum
1846 1630 1890 1670 et

330 1698 658 1754 inscriptionum
689 1701 828 1741 aetate
854 1698 1131 1754 imperatoria
1157 1698 1386 1740 incisarum
1411 1698 1534 1756 ratio,
1565 1698 1683 1741 velut
1706 1698 1890 1756 legimus

329 1771 374 1813 in
405 1773 680 1812 monumento
711 1769 938 1826 Ancyrano
974 1771 1193 1825 reyendam
1231 1772 1359 1825 atque
1391 1770 1600 1812 oriundus.
1661 1769 1807 1813 Verba
1838 1770 1889 1813 de

330 1841 664 1885 consonantibus
683 1841 892 1896 stirpibus
912 1840 1100 1883 derivata
1120 1841 1217 1883 inde
1238 1855 1262 1882 a
1281 1840 1400 1883 Sulla
1421 1841 1489 1883 vel
1508 1841 1646 1898 magis
1667 1856 1692 1883 a
1713 1840 1888 1885 Caesare

330 1929 409 1969 per
445 1928 467 1955 e
504 1912 664 1967 scripta
700 1912 1001 1968 inscriptiones
1039 1912 1264 1954 exhibent:
1307 1912 1513 1967 leyzmdeis
1548 1912 1681 1955 habet
1718 1912 1889 1968 quidem

330 1986 401 2027 lex
434 1983 628 2027 Cornelia
665 1998 775 2026 anno
810 1985 861 2026 81
897 1983 1074 2039 scripta,
1109 1984 1347 2038 referundo-3
1384 1983 1802 2027 senatusconsultum
1837 1984 1889 2028 de

331 2055 584 2111 Asclepiade
605 2054 704 2096 anni
726 2057 749 2097 7
755 2056 779 2098 8
788 2053 850 2111 †)‚
875 2058 919 2097 at
939 2056 1191 2098 deducendae
1211 2056 1330 2096 extat
1353 2054 1437 2096 iam
1456 2054 1503 2097 in
1519 2055 1615 2112 lege
1635 2053 1889 2114 agrariaffi)

332 2143 442 2170 anno
466 2129 546 2169 111
575 2126 673 2183 lata,
703 2128 941 2181 sternendas
970 2126 1147 2168 exhibet
1172 2126 1241 2168 lex
1267 2124 1386 2168 Iulia.
1441 2125 1606 2168 Eodem
1631 2125 1762 2170 etiam
1785 2128 1889 2169 tem-

331 2213 436 2254 pore
462 2198 604 2253 verba,
637 2213 817 2253 quorum
848 2213 1049 2253 praesens
1079 2197 1125 2239 in
1155 2199 1195 2240 io
1228 2197 1330 2254 exit,
1360 2200 1532 2253 praeter
1561 2198 1733 2241 -iundus
1762 2197 1890 2240 simul

333 2271 495 2313 -iendas
532 2269 753 2311 ostendere
791 2269 1020 2325 incipiunt:
1059 2269 1297 2324 faciendum
1340 2268 1547 2324 scriptum
1584 2271 1649 2311 est
1685 2283 1794 2311 anno
1833 2270 1890 2312 94

335 2358 369 2383 a.
397 2341 492 2383 Chr.
517 2338 694 2396 11.†††),
730 2341 1059 2396 reficiendarum,
1101 2339 1375 2382 demoliendae
1411 2339 1568 2382 similia
1603 2340 1783 2396 praebet
1818 2339 1889 2383 lex

333 2412 453 2454 Iulia.
486 2437 540 2442 —
571 2411 633 2454 Ut
665 2410 799 2467 igitur
829 2411 881 2452 ad
911 2410 1160 2453 Sallustium
1191 2413 1463 2466 revertamur,
1492 2425 1580 2453 non
1609 2410 1693 2453 nisi
1724 2410 1889 2454 duobus

334 2483 440 2526 locis
466 2483 626 2526 formae
652 2496 730 2536 per
754 2495 782 2522 u
807 2480 991 2535 scriptae
1016 2481 1061 2523 in
1087 2496 1135 2523 eo
1156 2481 1444 2537 reperiuntur:
1464 2482 1706 2536 perdundae
1727 2481 1890 2524 habent

438 2647 485 2713 *P
510 2645 727 2700 Hieronymi
751 2645 840 2680 libri
865 2645 907 2681 fr.
934 2645 968 2680 H
988 2649 1032 2681 64
1057 2646 1190 2682 incluti
1214 2657 1263 2680 an
1287 2646 1408 2682 incliti
1431 2646 1608 2692 habeant,
1633 2645 1768 2682 nescio.

419 2697 487 2788 *²⁸³3
514 2694 824 2786 ἓῗῗξιῗιῗὲἔοὲὲὲ,
847 2740 1048 2776 erndriss
1073 2742 1124 2776 II
1138 2753 1176 2786 Ρ.
1197 2743 1302 2776 1424.

449 2791 487 2835 †)
513 2788 715 2824 Schneider
739 2800 792 2824 nr.
814 2791 857 2822 28
878 2789 916 2823 et
936 2791 990 2823 29.

426 2839 488 2880 ††)
516 2835 717 2871 Schneider
740 2848 794 2872 nr.
816 2839 869 2870 23.

403 2887 491 2930 †††)
518 2883 720 2920 Schneider
743 2895 796 2919 nr.
818 2886 897 2919 301.
