1976 3190
521 162 722 200 Enarratio
748 167 899 199 23—42.
927 185 971 190 —
997 164 1226 209 Fragmenta
1248 169 1398 201 17-19.
1665 165 1746 207 117

171 273 217 322 dt
256 269 503 315 ‘Deiotarus
544 270 863 330 Gallograeciae
913 273 1151 316 tetrarches
1195 275 1437 330 praefectos
1479 274 1746 318 Mithridatis

173 341 338 386 Bellum
369 343 415 386 in
445 343 641 403 Phrygia
676 347 899 387 moventes
937 344 1108 387 cecidit'
1140 343 1261 402 (Liv.
1294 361 1396 401 per.
1423 344 1511 404 94).
1573 346 1638 389 Ac
1668 347 1748 390 Mi-

170 412 383 458 thridates
415 415 549 459 classe
574 415 690 459 Parii
721 415 948 473 naufragio
974 430 1238 474 magnopere
1264 417 1425 460 afflicta
1449 417 1747 461 Nicomediam

169 484 316 543 rediit,
354 488 403 529 ut
433 486 645 544 reliquam
681 486 836 530 hiemis
867 483 1036 542 partem
1074 486 1137 529 ibi
1178 488 1371 546 degeret,
1408 489 1614 533 Lucullus
1645 505 1746 534 vero

168 556 300 602 rebus
330 558 671 615 praeclarissime
702 557 840 616 gestis
872 557 1017 614 Cyzici
1048 558 1267 602 hiemavit.

814 696 1098 742 Fragmenta.

289 772 365 820 17.
426 774 556 818 Male
594 774 692 817 iam
730 774 996 816 adsuetum
1035 773 1094 816 ad
1133 773 1297 817 omnis
1335 774 1412 817 vis
1450 778 1746 819 controver-

166 845 368 889 siarum.

282 939 391 986 App.
442 939 507 986 (ῙΠ
527 944 572 975 62
586 940 630 986 D,
657 942 703 975 84
716 939 760 985 K,
786 943 810 974 4
824 939 867 985 G,
893 939 910 974 I
933 951 969 985 p.
991 942 1060 974 255
1074 938 1150 985 Br.)
1178 960 1222 965 —
1247 938 1430 976 Priscian.
1450 939 1503 975 VI
1526 940 1574 986 (II
1591 953 1627 986 p.
1650 943 1743 988 249).

283 1015 451 1057 Gomm.
507 1017 567 1056 De
599 1017 834 1056 turbulento
868 1016 1042 1067 quodam
1067 1016 1230 1056 tribuno
1260 1016 1388 1067 plebis
1415 1017 1545 1057 aliove
1571 1018 1743 1071 homine,

163 1077 235 1128 qui
258 1075 302 1116 in
325 1076 524 1116 nobilium
541 1077 882 1128 populariumque
907 1076 1004 1115 rixis
1030 1078 1366 1116 commemoratus
1392 1079 1464 1129 est,
1490 1078 1564 1117 hoc
1590 1078 1745 1118 dictum

162 1148 247 1176 esse
289 1136 402 1176 Kritz
451 1137 645 1188 repperit,
700 1137 768 1176 sed
815 1137 921 1175 hunc
964 1136 1164 1175 Licinium
1208 1137 1390 1176 Macrum
1443 1149 1526 1176 esse
1580 1138 1743 1178 minime

161 1196 367 1236 Dietschio
399 1196 625 1236 concedam.
681 1197 822 1246 Neque
855 1196 961 1235 enim
988 1209 1108 1247 quem
1140 1198 1181 1235 et
1206 1196 1248 1234 in
1273 1196 1444 1236 historia
1470 1197 1678 1237 scribenda
1704 1200 1745 1237 et

161 1256 204 1296 in
227 1269 271 1296 re
294 1255 459 1308 publica
482 1257 564 1296 fere
591 1256 906 1296 consentientem
930 1256 1106 1295 habebat
1132 1256 1362 1307 Sallustius,
1395 1257 1566 1297 eundem
1591 1258 1742 1296 talibus

162 1315 292 1356 verbis
317 1316 570 1367 descripsisse
596 1316 803 1355 habendus
830 1318 908 1367 est,
935 1329 1060 1366 quare
1087 1316 1138 1354 ad
1163 1316 1206 1355 L.
1232 1315 1445 1362 Quintium
1470 1318 1743 1369 fragmentum

159 1376 301 1428 refero,
332 1389 508 1428 quocum
546 1376 695 1427 optime
729 1376 927 1426 quadrare
965 1378 1084 1428 puto,
1122 1376 1170 1415 cf.
1202 1375 1280 1415 Cic.
1309 1375 1464 1415 Cluent.
1495 1379 1568 1416 77:
1609 1373 1742 1416 ‘homo

159 1435 332 1476 maxime
363 1436 584 1488 popularis,
620 1436 691 1486 qui
723 1436 851 1474 omnis
882 1449 1092 1475 rumorum
1124 1438 1165 1475 et
1195 1436 1429 1475 contionum
1459 1439 1601 1476 ventos
1633 1438 1742 1477 colli—

159 1509 253 1548 gere
291 1491 554 1548 consuesset',
585 1495 679 1535 ibid.
712 1498 783 1535 79:
823 1493 962 1535 ‘homo
1001 1508 1093 1535 cum
1131 1508 1288 1534 summa
1324 1498 1526 1546 potestate
1564 1498 1652 1536 tum
1691 1497 1742 1536 ad

158 1555 464 1596 inflammandos
496 1555 651 1596 animos
681 1555 958 1594 multitudinis
991 1551 1344 1595 accomodatus?

283 1645 393 1692 182².
456 1646 610 1692 Cultu
642 1647 879 1704 corporis
912 1650 1094 1690 ornata
1126 1647 1349 1704 egregio.

276 1741 384 1788 App.
423 1741 489 1787 (IV
507 1745 554 1777 46
566 1741 612 1787 D,
632 1741 710 1787 4K,
729 1741 801 1777 inc.
822 1745 867 1777 41
880 1740 924 1787 G,
945 1741 980 1776 H
998 1754 1033 1787 p.
1049 1745 1093 1776 41
1116 1742 1155 1776 et
1168 1744 1237 1777 376
1249 1741 1324 1787 Br.)
1345 1762 1390 1767 —
1411 1741 1512 1788 Serv.
1534 1743 1583 1777 ad
1605 1741 1739 1789 Georg.

155 1787 174 1824 1
193 1791 232 1825 3:
260 1787 315 1825 ‘et
339 1787 484 1825 cultum
507 1788 571 1825 hic
595 1789 861 1825 habitudinem
886 1789 1053 1835 corporis
1077 1788 1277 1835 significat,
1304 1788 1402 1825 alias
1428 1791 1613 1826 omatum.
1658 1791 1740 1827 Sal-

155 1835 308 1873 lustius’
329 1847 360 1874 e.
381 1849 416 1882 q.
439 1848 479 1883 a,
505 1838 592 1874 dein
615 1838 781 1884 sequitwr
803 1839 1006 1883 eaeemplum
1030 1839 1113 1884 Iuy.
1140 1849 1167 1874 c.
1189 1840 1250 1882 33,
1269 1841 1302 1873 1.

276 1913 444 1954 Oomm.
496 1913 614 1954 Cultu
644 1916 817 1964 corporis
847 1928 928 1954 non
960 1916 1159 1966 ornatum,
1192 1915 1261 1954 sed
1291 1915 1419 1965 ipsius
1451 1915 1627 1966 corporis
1654 1928 1740 1966 spe-

156 1973 260 2014 ciem
288 1973 555 2026 habitumque
587 1974 740 2014 dictum
771 1987 856 2014 esse
888 1976 930 2014 et
955 1988 975 2014 e
1003 1975 1132 2014 Servii
1162 1974 1296 2014 verbis
1328 1976 1369 2014 et
1400 1988 1448 2013 ex
1473 1975 1612 2014 addita
1644 1989 1739 2015 voce

157 2035 331 2083 corporis
377 2034 573 2085 sequitur.
647 2035 791 2085 Itaque
834 2035 1108 2087 fragmentum
1151 2047 1232 2074 non
1276 2034 1324 2074 de
1368 2034 1543 2074 Monime
1581 2035 1740 2074 Milesia

156 2093 384 2133 diademate
425 2095 569 2133 ornata
609 2106 693 2133 esse
735 2094 1028 2146 accipiendum,
1070 2094 1179 2144 quod
1218 2094 1431 2145 proposuit
1470 2095 1583 2133 Kritz
1624 2108 1738 2146 prae—

155 2153 276 2193 eunte
309 2152 472 2204 quidem
502 2153 734 2206 Debrossio,
773 2155 842 2194 sed
873 2155 925 2193 ad
954 2154 1179 2206 Praeciam,
1217 2154 1468 2194 meretricem
1498 2154 1612 2194 illam
1649 2155 1738 2206 pul-

155 2212 405 2265 cherrimam,
438 2214 617 2264 spectare
644 2214 838 2266 existimo,
865 2214 986 2265 idque
1012 2215 1183 2254 alteram
1207 2214 1414 2254 Debrossii
1438 2213 1737 2265 interpretatio-

154 2285 248 2313 nem
278 2275 460 2325 secutus3
491 2273 656 2325 accedit,
689 2274 798 2325 quod
828 2274 876 2313 de
907 2274 1082 2314 Monime
1113 2274 1186 2313 illa
1212 2274 1431 2314 Sallustius
1463 2274 1624 2314 omnino
1656 2288 1737 2315 non

156 2332 286 2386 egisse
316 2333 489 2386 videtur,
521 2333 569 2372 cf.
595 2333 754 2386 Proleg.
779 2348 816 2384 p.
846 2336 912 2374 52.

279 2422 390 2469 19²².
450 2423 752 2468 Exercitum
783 2425 1031 2468 maiorum
1061 2441 1198 2469 more
1230 2428 1471 2469 verteret.

274 2518 382 2566 App.
433 2518 520 2565 (Inc.
549 2522 592 2554 51
607 2518 652 2564 D,
680 2521 724 2554 77
738 2518 782 2564 Κ,
817 2522 861 2553 73
876 2517 924 2564 G,
957 2519 974 2553 I
998 2532 1032 2565 p.
1055 2523 1141 2565 583,
1174 2519 1208 2554 Π
1232 2532 1267 2566 p.
1290 2524 1358 2554 326
1372 2519 1447 2566 ΒΥ.)
1480 2542 1524 2546 —
1558 2520 1658 2555 Serv.
1686 2520 1736 2555 ad

153 2566 246 2603 Aen.
266 2566 302 2602 V
318 2569 390 2602 408
409 2577 440 2603 e.
462 2578 497 2612 q.
519 2578 558 2611 s.‚
588 2566 674 2602 ‘hoc
700 2568 759 2603 est
784 2566 1066 2603 consideraret?
1087 2569 1100 2614 ss
1118 2566 1304 2603 maiorum
1330 2568 1448 2615 more]
1474 2569 1573 2604 solus
1593 2568 1641 2612 F,
1667 2580 1733 2604 om.

155 2615 232 2652 rell.
259 2635 304 2642 —
329 2615 509 2662 verteret]
537 2614 584 2659 F,
615 2615 733 2660 Thilo,
758 2617 904 2651 vertere
929 2615 1019 2660 rell„
1043 2616 1162 2663 vulyo.

275 2690 442 2732 Oomm.
497 2692 637 2732 Nostri
663 2692 891 2744 fragmenti,
921 2692 1029 2743 quod
1053 2692 1301 2743 ineptissime
1330 2693 1513 2732 Servium
1538 2693 1732 2744 interpre-

154 2753 397 2792 tatmesse
422 2765 539 2791 nemo
565 2752 644 2791 erit
669 2752 741 2802 qui
759 2754 890 2804 neget,
917 2752 1059 2792 similis
1083 2752 1245 2792 videtur
1269 2753 1380 2792 locus
1407 2753 1492 2804 [ug.
1516 2754 1590 2793 55:
1618 2748 1732 2805 ‘gau-

153 2811 267 2851 dium
297 2811 439 2864 ingens
471 2813 606 2852 ortum
637 2811 810 2864 cognitis
841 2812 995 2851 Metelli
1025 2812 1162 2864 rebus,
1200 2814 1249 2850 ut
1287 2824 1407 2862 seque
1441 2813 1481 2851 et
1513 2812 1732 2853 exercitum

152 2883 262 2911 more
299 2870 499 2911 maiorum
535 2867 718 2923 gereret.'
779 2872 941 2912 Etenim
978 2871 1083 2912 sicut
1119 2872 1283 2925 gerendi
1315 2872 1481 2911 verbum
1520 2871 1659 2912 eadem
1689 2873 1732 2913 vi

153 2932 396 2982 usurpatum
433 2933 511 2983 est,
556 2944 638 2983 qua
682 2934 806 2971 tenere
850 2934 892 2972 im,
933 2933 1161 2982 disciplima,
1206 2932 1264 2970 ita
1307 2931 1396 2971 voci
1439 2934 1584 2971 vertere
1627 2945 1733 2973 more
