2034 3184
843 153 961 192 Index
985 156 1030 193 Π.

911 423 971 471 ΙΙ.

476 514 632 559 Index
661 514 914 559 nominum
945 515 1090 571 atque
1119 516 1403 562 historicus.

1637 157 1723 201 239

79 598 268 654 'sibiet
290 606 348 643 ita
372 609 432 644 est
455 608 703 655 compositus,
734 610 778 644 ut
802 620 878 644 non
903 610 1016 646 modo
1041 621 1087 646 ea
1111 610 1282 656 nomina,
1315 621 1412 655 quae
1437 610 1478 645 in
1502 611 1726 657 fragmentis

79 654 299 700 -³,.-³'mt‚
343 666 388 692 eo
431 655 714 702 contineantur,
753 657 820 692 sed
857 657 975 693 etiam
1017 669 1114 703 quae
1151 658 1375 704 fragmentis
1414 657 1628 704 significata
1666 659 1728 695 vel

83 707 114 743 „j
137 696 414 758 *subaudienda
438 703 708 758 ‘supplendave
747 706 852 749 sunt3
892 705 1054 751 denique
1091 717 1138 742 ea
1175 717 1324 751 quoque
1356 706 1624 752 comprehendi
1655 707 1727 742 hoc

69 751 115 779 ἶ
146 745 286 806 indice,
311 762 410 797 quae
434 763 476 787 in
500 751 740 788 enarratione
766 755 1059 789 commemorata
1084 754 1182 789 sunt.
1219 754 1270 789 Et
1293 753 1335 788 hi
1354 753 1508 798 quidem
1527 754 1602 790 loci
1621 755 1728 790 uncis

87 943 121 983 {s
127 965 128 968 =

147 1051 149 1054 Α
219 1024 321 1062 ‘dere
332 1025 375 1062 in
388 1025 542 1063 colonos
552 1027 770 1065 Abellanos
783 1028 835 1063 III
846 1031 903 1064 97.

252 1073 330 1110 ’um
370 1073 597 1111 ferocissimi
635 1104 642 1112 .
671 1105 678 1112 .
707 1105 715 1112 .
753 1076 905 1113 Achaei

76 1140 110 1148 --
198 1122 314 1168 atque
337 1121 455 1158 Tauri
479 1125 568 1159 sunt
591 1123 644 1159 ΙΠ
664 1127 719 1160 74.

149 1168 278 1209 Prima
302 1168 532 1207 Graecorum
554 1171 755 1208 Achillem
777 1171 830 1207 III
848 1175 905 1208 69.

147 1212 324 1257 &sonem
335 1246 344 1255 .
358 1247 367 1255 .
383 1247 391 1255 .
405 1218 554 1255 Aeetae
572 1218 734 1265 hospitis
755 1219 908 1255 domum

167 1270 170 1271 ’
195 1264 361 1302 violasse
385 1265 439 1302 ΠΙ
457 1269 514 1303 68.
824 1293 827 1297 .

80 1316 117 1357 3⁹?
147 1312 329 1353 humi.
372 1313 575 1350 Praeclara
610 1314 813 1350 Brutorum
849 1316 906 1350 at-

75 1361 106 1406 ,ζ’
170 1395 172 1397 .
196 1370 271 1408 que
312 1361 562 1398 Aemiliorum
603 1362 729 1409 proles
773 1364 907 1409 (dictus

197 1412 251 1447 est
266 1409 386 1446 Mam.
406 1410 588 1456 Lepidus)
612 1411 630 1445 I
643 1414 700 1456 55,
715 1415 754 1455 33
780 1410 905 1456 gentis

197 1456 384 1494 Aemiliae
414 1457 511 1494 bene
539 1457 643 1494 facta
668 1458 904 1494 extollebant

197 1503 216 1541 I
235 1507 292 1552 77,
311 1509 345 1542 6,
390 1506 481 1542 Vide
504 1505 715 1552 Lepidus.

149 1552 304 1648 &0153
324 1553 604 1637 ffiMaroneam
621 1555 822 1600 (Tho-aciae
841 1566 904 1601 op-

78 1651 106 1694 ζ]
150 1647 171 1669 ⁸
214 1672 228 1686 .
272 1648 468 1687 Aframus

93 1707 108 1727 ’ῑ
192 1708 233 1743 p.
265 1697 343 1745 81].

63 1745 115 1795 ’δὲ
198 1743 256 1781 Μ.
275 1743 437 1782 Antonii
459 1758 494 1782 a.
521 1745 599 1781 74?
623 1746 670 1791 ef.
695 1746 772 1781 IH
792 1748 839 1792 6).

62 1797 102 1843 J*
150 1790 328 1829 Sardinia
374 1791 417 1828 in
458 1793 600 1830 Africo
652 1793 749 1829 mari
801 1794 836 1828 Π
867 1798 905 1839 23

81 1846 105 1870 ’ί
197 1839 290 1876 Euri
332 1841 448 1886 atque
491 1840 641 1877 Africi
680 1841 906 1888 superiactis

197 1887 375 1925 fluctibus
399 1888 435 1924 Π
454 1892 510 1925 56.

60 1978 61 1981 ¹
86 1939 102 1986 ς
150 1934 322 1973 Similem
338 1935 419 1973 fore
438 1948 478 1973 se
497 1937 653 1973 credens
672 1937 906 1974 Alexandro

63 1983 106 2035 ff?
196 1983 280 2031 regi
303 1983 357 2020 m
375 1987 431 2021 88.

68 2030 70 2035 ’
149 2031 201 2069 Al
229 2041 288 2069 es.
315 2031 521 2078 Hostisque
541 2062 549 2069 .
565 2061 573 2069 .
589 2062 596 2070 .
618 2033 667 2068 ab
686 2033 848 2079 Alpibus
865 2032 906 2067 in

94 2123 97 2125 ¹
237 2079 246 2087 '
295 2079 424 2116 aniam
473 2080 658 2116 summovi
706 2081 742 2116 Π
770 2085 832 2126 98,
864 2085 904 2125 4;

144 2129 148 2132 ”
198 2127 292 2174 Ῥω·
318 2138 384 2165 eas
413 2127 489 2164 iter
512 2127 620 2164 aliud
646 2157 653 2164 .
677 2158 684 2165 .
707 2158 713 2165 .
739 2127 906 2174 patefeci

196 2175 233 2212 H
251 2178 309 2222 98,
328 2179 368 2221 43
400 2187 487 2212 cum
506 2175 689 2223 Ligurum
712 2175 906 2222 praesidia

134 2222 142 2229 ’
197 2222 401 2261 cessissent
447 2223 489 2260 in
532 2223 641 2270 Alpis
685 2223 738 2259 ΠΙ
766 2227 808 2269 53
863 2225 906 2259 ut

195 2270 361 2356 {frimam
390 2271 500 2318 Alpis
533 2271 724 2317 digressus
756 2273 815 2307 est
845 2273 904 2318 (sc.

245 2320 384 2366 acthis)
408 2319 461 2355 IV
479 2323 537 2356 49.

136 2366 312 2414 :Campos
322 2366 600 2413 Themiscyrios
613 2367 781 2403 habuere
791 2368 906 2404 Ama-

523 1650 686 1697 [leyatus
738 1650 907 1696 Pompeii

398 1697 586 1743 (Fortasse
627 1709 760 1734 nomen
796 1699 907 1745 leyati

68 2455 90 2465 ,A
198 2424 341 2463 sones,
373 2426 397 2451 a
424 2414 546 2451 Tanai
576 2414 730 2451 flumine
756 2445 764 2451 .
787 2445 794 2452 .
816 2445 823 2452 .
851 2414 907 2450 di-

71 2482 75 2505 3
197 2473 351 2510 grossae
375 2462 428 2498 m
448 2466 502 2500 73.
892 2490 894 2492 v

150 2510 325 2548 Amisos.
396 2511 448 2547 In
501 2511 592 2547 bello
647 2510 908 2547 Mithridatico

63 2579 65 2582 ⁴
197 2563 474 2596 commemorata
491 2558 544 2594 m
563 2561 626 2603 5⁷3
655 2559 698 2594 in
721 2559 908 2594 obsidione

63 2611 78 2640 ἰ
119 2637 122 2643 .
198 2607 277 2644 eius
322 2607 502 2644 emere-itas
545 2606 704 2643 Lucullo

60 2663 91 2699 ἐς
114 2671 118 2679 =>
198 2653 234 2691 V
260 2658 323 2699 103
357 2653 603 2700 Amisumque
635 2653 796 2690 assideri
827 2653 907 2690 sine

170 2727 173 2729 -
198 2700 909 2749 proeliis1V13;[aLuculloeoepu9nata

198 2750 365 2787 diruiw
383 2761 424 2796 p.
443 2750 545 2797 159}

70 2801 98 2845 ..ξ
151 2797 171 2819 *
183 2796 228 2835 0.
258 2796 414 2835 Annius
460 2797 605 2845 [contra
642 2797 843 2834 Sertorium
884 2809 909 2834 a

78 2853 98 2879 ,·
199 2845 309 2884 Sulla
337 2846 470 2882 missus
527 2874 535 2882 .
555 2845 631 2892 39].
679 2845 908 2891 (span-cacus)

204 2922 213 2931 .
228 2922 236 2930 .
251 2922 260 2930 .
279 2893 331 2929 ad
350 2892 463 2929 Naris
482 2857 654 2928 [emanas
681 2894 796 2938 atque
818 2892 907 2928 inde

201 2940 375 2988 pervenit
388 2941 438 2977 ad
451 2940 570 2976 Anni
590 2939 738 2977 forum
750 2940 802 2975 ΠΙ
813 2940 906 2976 98Β.

750 2606 908 2650 offensus

79 796 288 847 &helim
319 800 424 845 sunt;
463 798 518 836 eis
549 799 783 846 nominibus,
816 812 914 846 quae
944 813 1022 837 non
1052 801 1298 837 inveniuntur
1328 801 1370 836 in
1401 800 1559 837 Sallusti
1590 802 1728 848 verbis,

87 842 125 872 ·¹-.¹,
148 845 372 885 ¹”flariacum
408 847 578 894 apposui.
637 847 812 884 Ceterum
847 849 1019 885 nomina.
1036 849 1204 885 virorum
1234 860 1311 884 non
1343 849 1549 884 secundum
1584 851 1729 896 gentes,

86 893 216 946 baed
259 893 380 942 (velut
421 906 486 931 eos
529 895 611 942 ipse
650 895 891 980 appellabat,
910 899 1055 980 auctzr)
1093 897 1300 933 secundum
1337 896 1564 943 cognomina
1602 897 1729 944 dispo-

154 956 159 964 ·
840 956 872 979 s1
892 956 915 980 a
940 957 1011 980 sun
1032 974 1038 981 .

977 1028 1215 1065 Antiochus.
1265 1028 1299 1064 A
1323 1028 1485 1074 Pyrrho,
1517 1028 1733 1065 Hannibale

1026 1075 1279 1122 Philippoque
1291 1077 1330 1112 et
1339 1075 1527 1112 Antiocho
1538 1077 1734 1112 defensum

1026 1124 1044 1159 I
1068 1127 1131 1169 55,
1157 1128 1198 1169 43
1236 1124 1466 1159 Antiochum
1501 1135 1569 1171 per
1607 1124 1735 1160 dolum

1027 1173 1197 1207 avertere
1233 1173 1293 1218 (sc.
1325 1172 1502 1219 Romani)
1532 1172 1585 1208 IV
1610 1176 1668 1218 69,
1695 1176 1734 1217 63

1027 1220 1222 1255 Eumenen
1281 1219 1482 1266 prodidere
1544 1220 1734 1255 Antiocho

1026 1267 1078 1303 IV
1089 1271 1197 1313 69‚8;
1216 1267 1427 1303 Antiochus
1448 1267 1550 1303 omni
1570 1279 1662 1314 agro
1677 1298 1684 1304 .
1701 1297 1708 1304 .
1725 1297 1732 1304 .

1027 1314 1212 1361 spoliatus
1257 1317 1316 1351 est
1353 1315 1404 1351 IV
1431 1319 1494 1361 69,
1521 1319 1560 1360 63
1603 1315 1735 1350 Asiam

1026 1362 1217 1446 {pogffil
1238 1362 1339 1407 regis
1383 1362 1563 1399 Antiochi
1609 1363 1735 1409 recepi

976 1459 1158 1495 Antonii.
1214 1458 1232 1478 *
1246 1458 1283 1495 C.
1318 1458 1351 1494 A
1363 1471 1388 1493 n
1402 1460 1419 1494 t
1434 1469 1455 1494 o
1468 1471 1494 1493 n
1507 1458 1521 1493 i
1534 1470 1559 1493 u
1573 1470 1590 1493 s
1628 1459 1735 1505 [reus

1023 1508 1144 1552 faetus
1177 1518 1278 1542 anno
1305 1509 1354 1542 76
1380 1519 1419 1552 p.
1448 1509 1498 1542 67
1505 1507 1643 1553 —68];
1681 1506 1734 1541 fe-

1023 1553 1179 1589 noribus
1212 1556 1386 1600 copertus
1414 1554 1467 1590 IV
1493 1557 1555 1598 523
1589 1555 1736 1601 [senatu

1025 1607 1142 1639 motus
1161 1613 1260 1638 anno
1275 1604 1324 1638 70
1340 1602 1494 1648 p.173].
1518 1623 1562 1628 —
1582 1601 1632 1638 M.
1646 1601 1734 1637 An-

1026 1650 1183 1685 tonius
1209 1649 1432 1686 Creticus
1477 1650 1736 1686 *Describitur

1026 1698 1079 1733 ΠΙ
1115 1701 1161 1742 3;
1220 1697 1360 1734 *totius
1405 1709 1492 1733 orae
1528 1698 1736 1733 maritimae

1026 1750 1176 1782 curator
1211 1745 1264 1780 ΠΙ
1290 1749 1329 1790 23
1373 1745 1522 1792 [bellum
1563 1746 1737 1781 adversus

1022 1795 1170 1839 piratas
1188 1804 1233 1829 ae
1247 1793 1429 1829 Cretenses
1447 1797 1587 1840 yestum
1606 1805 1646 1839 p.
1661 1795 1736 1828 108

1028 1842 1175 1888 —109].
1215 1840 1402 1876 Antonius
1428 1839 1554 1886 erupit
1579 1851 1625 1876 ex
1644 1840 1736 1875 urbe

1027 1889 1079 1924 ΙΠ
1104 1893 1144 1934 43
1170 1888 1359 1924 Antonius
1383 1888 1488 1924 haud
1512 1887 1626 1923 facile
1651 1884 1759 1934 pro-'

1027 1936 1161 1972 hibens
1185 1936 1307 1972 hostis
1326 1936 1379 1971 [Π
1392 1940 1431 1981 53
1457 1935 1631 1981 quaestio
1652 1947 1738 1971 cum

1028 1984 1195 2020 Antonio
1214 1983 1424 2029 ceterisque
1442 1983 1613 2030 placeret
1631 1983 1684 2018 ΠΙ
1697 1987 1737 2028 5;

1027 2032 1206 2080 [Oreticus
1215 2033 1426 2078 appellatur
1431 2044 1470 2077 p.
1479 2032 1568 2079 109]
1578 2047 1586 2076 3
1602 2030 1737 2066 *trien-

1025 2079 1090 2115 nio
1120 2079 1213 2115 trito
1244 2081 1387 2116 interiit
1416 2079 1469 2115 ΠΙ
1495 2083 1550 2116 16.
1576 2100 1625 2106 -
1649 2078 1737 2114 An-

1024 2127 1200 2173 tonius,
1222 2127 1738 2174 prospriptusinHispania;

1026 2176 1238 2221 (discubuit)
1282 2175 1322 2210 in
1366 2186 1510 2211 summo
1548 2174 1735 2210 Antonius

978 2271 1111 2317 Apion
1134 2271 1217 2307 vide
1240 2270 1546 2307 Ptolemaeus

980 2319 1195 2364 Aristaeus,
1221 2319 1424 2364 Apollinis
1447 2318 1548 2354 filius
1568 2320 1607 2354 et
1626 2317 1737 2363 Cyre-

1026 2378 1094 2403 nes
1113 2366 1148 2402 ΙΙ
1161 2370 1200 2411 ὃς
1223 2365 1324 2402 ludis
1344 2366 1541 2412 Appollini
1561 2366 1736 2402 circensi-

1027 2415 1098 2450 bus
1123 2414 1159 2450 Π
1177 2417 1234 2450 48.

980 2463 1135 2509 AppIus
1158 2462 1242 2498 vide
1268 2461 1501 2498 Claudius.

980 2510 1187 2556 *Aquinus
1208 2510 1364 2558 [leyatus
1378 2509 1522 2546 Metelli
1536 2522 1561 2545 a
1577 2509 1737 2546 Sertorio

1028 2559 1293 2595 circumventus
1314 2569 1353 2603 p.
1381 2558 1455 2604 45].

979 2606 1135 2652 Incepta
1148 2606 1412 2652 (Mithridatis)
1430 2606 1642 2651 postremus
1662 2616 1737 2640 ser-

1027 2665 1160 2690 vorum
1191 2653 1415 2690 Archelaus
1451 2652 1653 2698 impedivit
1685 2653 1738 2688 IV

980 2750 1187 2795 Postquam
1227 2748 1268 2783 in
1305 2748 1564 2785 Aresinarios
1602 2759 1737 2784 venere

1027 2797 1081 2833 111
1106 2800 1127 2832 5
1154 2798 1254 2844 (qens
1278 2796 1489 2842 Hispaniae
1513 2797 1665 2843 iynota).

981 2845 1304 2891 Ariobarzanes,
1352 2855 1419 2880 rea:
1469 2843 1737 2890 Cappadociae.

1030 2893 1276 2940 [Bithyniam
1318 2891 1500 2928 Romanis
1548 2893 1739 2937 occupavit

1025 2954 1065 2987 p.
1093 2941 1170 2987 89].
1219 2938 1376 2975 Lucullo
1403 2939 1557 2975 suberat
1581 2950 1739 2985 regnum
