1976 3190
306 176 390 217 114
781 174 937 210 Sallusti
959 174 1209 211 Historiarum
1233 174 1299 210 lib.
1318 175 1394 234 ΠῙ.ῤ

426 281 534 326 13*.
595 281 725 323 Serv.
765 281 823 323 ad
853 281 970 324 Aen.
1001 281 1062 324 HI
1093 284 1197 325 578:
1235 282 1346 324 ‘Nisi
1386 296 1494 336 quae
1526 281 1577 324 de
1608 282 1859 339 gigantibus

302 353 499 409 legimus,
535 351 732 394 fabulosa
763 353 1016 410 accepimus,
1052 353 1162 395 ratio
1194 368 1281 395 non
1312 352 1522 408 procedit;
1557 367 1657 394 nam
1687 367 1784 396 cum
1813 353 1859 396 in

302 424 488 480 Phlegra
518 422 761 465 Thessaliae
792 423 887 466 1000
919 438 1134 480 pugnasse
1166 424 1372 479 dicantur,
1409 422 1765 478 quemadmodum
1793 426 1860 468 est

303 494 347 535 in
388 493 532 535 Sicilia
569 493 838 535 Enceladus?
907 493 1015 536 Otus
1058 494 1103 536 in
1142 494 1285 551 Creta,
1329 494 1575 549 secundum¹
1597 493 1860 552 Sallustium,

302 564 413 606 unde
445 563 534 606 Otii
551 564 750 625 Acampi‘?
784 568 861 607 etc.

419 658 524 703 App.
576 657 640 702 (ΠΙ
660 660 704 692 59
718 657 762 702 D,
790 661 833 692 62
848 657 892 702 Κ,
918 658 952 692 ΙΙ
972 662 1015 693 15
1031 657 1074 703 G,
1099 658 1134 692 H
1156 670 1192 703 p.
1213 662 1282 693 353
1296 639 1371 703 Bi.)

420 733 586 772 Comm.
643 732 712 772 Oti
736 734 912 785 gigantis
938 735 1271 774 commemorandi
1295 735 1406 773 loeus
1431 733 1511 772 fuit
1535 734 1739 786 Sallustio,
1769 746 1858 773 cum

301 793 347 831 de
379 793 742 844 mythologumenis
774 792 912 831 Cretae
944 793 1098 832 insulae
1129 794 1348 845 dissereret,
1380 793 1427 832 cf.
1459 793 1560 832 Plin.
1586 793 1665 832 VH
1693 795 1764 832 73:
1797 789 1858 832 ‘In

301 851 420 890 Creta
449 854 577 891 terrae
603 854 717 891 motu
741 854 856 902 rapto
883 854 1033 890 monte'
1048 853 1255 891 inventum
1281 855 1341 891 est
1366 865 1508 903 corpus
1533 854 1643 892 stans
1667 854 1723 892 46
1751 852 1858 892 cubi—

299 909 445 962 torum,
478 911 585 961 quod
615 911 686 950 alii
717 909 887 962 Orionis,
920 911 990 950 alii
1022 910 1090 950 Oti
1121 924 1204 950 esse
1237 908 1562 950 arbitrabantur.'

421 1012 527 1057 14³².
590 1012 716 1063 Quia
753 1012 1016 1067 principes
1057 1012 1398 1069 intellegendi
1438 1012 1599 1055 divini
1630 1014 1859 1070 fuerunt,

300 1087 628 1137 vetustatem,
666 1086 721 1125 ut
752 1085 938 1137 cetera,
970 1083 1021 1124 in
1051 1083 1212 1125 maius
1245 1086 1630 1138 componentem
1664 1084 1859 1127 altores

299 1154 435 1197 Iovis
466 1154 822 1197 celebravisse.

417 1247 522 1292 App.
574 1247 639 1292 (ΙΠ
659 1250 703 1282 60
716 1247 760 1291 D,
788 1250 926 1281 63-64
937 1246 980 1291 Κ,
1008 1250 1146 1281 66-67
1162 1246 1205 1292 Gr,
1230 1247 1264 1281 H
1282 1259 1316 1292 p.
1339 1250 1407 1282 560
1421 1247 1494 1293 Br.)
1516 1267 1560 1274 —-
1579 1247 1749 1284 Lactant.
1770 1247 1857 1284 inst.

300 1294 373 1330 div.
388 1295 484 1339 XXI,
496 1298 539 1329 41
560 1306 595 1339 p.
611 1297 656 1329 86
671 1294 727 1330 0(1.
743 1294 902 1330 Brandt:
927 1293 1142 1329 ‘Sallustius
1158 1323 1164 1330 .
1182 1323 1188 1329 .
1205 1323 1212 1330 .
1229 1323 1235 1329 .
1251 1293 1372 1329 voluit
1396 1294 1589 1340 ingeniose
1607 1294 1858 1341 interpretari,

300 1353 364 1376 cur
390 1342 563 1377 altores
588 1341 709 1376 Iovis
736 1341 909 1376 dicantur
935 1341 1086 1376 Curetes
1116 1341 1230 1376 fuisse
1256 1343 1294 1376 et
1319 1341 1372 1376 sic
1398 1341 1473 1377 ait’
1501 1353 1531 1378 e.
1553 1353 1587 1387 q.
1608 1354 1636 1378 S.
1670 1363 1715 1369 —-
1746 1342 1857 1379 Prae-

300 1394 395 1425 terea
419 1390 463 1433 cf.
486 1389 585 1424 Serv.
607 1389 656 1423 ad
676 1388 765 1424 Aen.
787 1389 838 1423 ΙΠ
859 1392 942 1424 104:
972 1388 1083 1424 ‘Iovis
1103 1388 1244 1434 Magni,
1271 1387 1361 1433 quia
1385 1388 1466 1424 illic
1486 1388 1624 1425 dicitur
1642 1400 1722 1426 esse
1740 1389 1859 1425 nutri-

298 1438 370 1481 tus,
398 1436 509 1481 quod,
535 1437 578 1471 ut
592 1435 792 1471 Sallustius
814 1435 916 1480 dicit,
938 1435 1022 1471 ideo
1041 1435 1206 1481 fingitur,
1232 1435 1321 1480 quia
1339 1435 1478 1481 primos
1493 1436 1686 1472 Cretenses
1711 1438 1860 1474 constat

299 1483 485 1518 invenisse
510 1483 765 1536 religionem’3
797 1482 847 1518 id.
875 1483 925 1518 ad
949 1482 1039 1519 Aen.
1066 1483 1152 1518 VHI
1171 1487 1256 1519 352:
1291 1482 1395 1518 ‘licet
1420 1483 1523 1519 dicat
1549 1483 1749 1519 Sallustius
1775 1483 1859 1520 Cre—

298 1533 422 1566 tenses
435 1530 575 1576 primos
588 1533 776 1566 mvenisse
795 1529 1027 1576 religionem,
1047 1530 1146 1565 unde
1166 1530 1267 1576 apud
1286 1541 1349 1565 eos
1367 1533 1479 1566 natus
1498 1530 1652 1577 fingitur
1662 1530 1856 1578 Iuppiter!

298 1600 344 1604 —
376 1578 540 1614 Servium
570 1579 784 1624 eoecerpsisse
814 1583 959 1614 tantum
989 1579 1106 1614 locum
1138 1578 1305 1614 Sallustii
1335 1590 1360 1613 a
1390 1578 1589 1615 Lactantio
1623 1580 1728 1615 verbo
1758 1583 1860 1615 tems

299 1627 490 1662 laudatum
509 1627 593 1662 bene
611 1626 790 1661 intellexit
809 1626 968 1661 Dietsch.
989 1626 1000 1670 ΙΙ
1020 1624 1155 1671 divini]
1176 1624 1305 1661 divina
1323 1626 1440 1672 vulyo.
1462 1647 1506 1652 —
1524 1627 1753 1662 vetustatem
1772 1626 1859 1673 eta]

298 1675 467 1708 vetustas
589 1684 813 1718 componens
935 1672 1141 1708 celebravit
1166 1673 1288 1717 Kritz,
1321 1677 1361 1708 at
1385 1684 1476 1719 qnae
1505 1674 1621 1710 verbis
1651 1675 1690 1709 et
1720 1673 1774 1709 sic
1804 1673 1860 1709 ait

299 1721 519 1757 Lactantius
544 1721 667 1765 affert,
699 1721 929 1757 Sallustiana
959 1721 1162 1766 directaque
1193 1721 1356 1768 oratione
1380 1721 1541 1756 exhibita
1567 1721 1739 1766 putanda
1762 1725 1858 1757 sunt.

420 1814 526 1860 15³⁸.
594 1816 727 1859 SerV.
766 1817 824 1858 ad
860 1815 978 1858 Aen.
1009 1815 1113 1858 VHI
1147 1817 1249 1859 725:
1293 1815 1446 1858 ‘Carae
1483 1816 1668 1859 insulani
1706 1816 1858 1872 populi

298 1887 472 1929 fuerunt
513 1887 695 1942 piratica
733 1886 904 1941 famosi,
945 1886 1047 1928 victi
1084 1902 1108 1928 a
1144 1886 1306 1942 Minoe,
1350 1889 1398 1928 ut
1437 1890 1480 1928 et
1511 1886 1780 1942 Thucydides
1816 1890 1860 1929 et

299 1957 527 2000 Sallustius
559 1957 733 2000 dicunt.’

417 2052 523 2096 App.
574 2051 660 2096 (Ine.
683 2050 761 2095 SD,
787 2051 803 2084 I
824 2054 867 2085 78
880 2050 924 2095 K,
953 2050 984 2084 V
1005 2054 1047 2085 12
1064 2050 1105 2095 G,
1131 2051 1147 2084 I
1171 2062 1206 2095 p.
1228 2054 1296 2084 536
1310 2050 1385 2095 ΒΓ.)

418 2127 582 2166 Comm.
644 2127 735 2166 Non
766 2127 807 2164 in
838 2127 1084 2176 praedonum
1121 2127 1272 2178 origine
1311 2126 1532 2165 enarranda
1565 2127 1683 2166 haece
1715 2139 1740 2165 a
1770 2127 1855 2166 Sal-

298 2186 420 2225 lustio
447 2186 626 2236 exposita
645 2198 728 2224 esse
747 2186 811 2225 vel
830 2186 920 2224 inde
941 2186 1133 2237 sequitur,
1160 2186 1267 2236 quod
1292 2198 1338 2224 ea
1356 2185 1444 2235 ipsa
1468 2197 1541 2236 res,
1568 2198 1690 2236 quam
1713 2186 1854 2238 legisse

298 2245 339 2283 in
372 2245 564 2284 Sallustio
597 2244 811 2284 scholiasta
841 2246 1016 2284 testatur
1047 2257 1228 2295 quaeque
1260 2244 1388 2283 eidem
1419 2244 1720 2295 Thucydidique
1751 2258 1855 2284 com—

297 2304 429 2343 munis
466 2306 542 2355 est,
580 2303 731 2342 scilicet
766 2303 910 2343 Minois
947 2304 1131 2355 victoria,
1163 2304 1214 2342 ad
1251 2303 1390 2342 Cretae
1426 2303 1651 2355 historiam,
1688 2317 1767 2343 non
1804 2304 1854 2342 ad

297 2364 520 2413 piratarum
542 2362 713 2414 origines
739 2363 928 2414 pertinet,
954 2377 1081 2413 neque
1107 2363 1267 2402 omnino
1287 2362 1405 2402 Cares
1429 2362 1511 2414 illo,
1537 2375 1616 2412 quo
1641 2363 1855 2402 voluerunt
1889 2365 1891 2368 '

298 2422 480 2474 editores,
511 2422 598 2461 1000
631 2422 859 2471 appellandi
890 2423 1004 2461 erant
1035 2422 1306 2472 appellatique
1339 2423 1442 2461 sunt.

418 2522 526 2568 16*.
586 2522 667 2566 Ibi
698 2523 924 2566 triennio
955 2524 1149 2582 frustra
1179 2524 1317 2566 trito.

298 2663 349 2699 N
369 2616 522 2698 27{xpp
573 2616 659 2661 (Ino.
681 2619 726 2651 20
738 2616 782 2661 D,
808 2616 859 2650 III
879 2620 922 2651 66
936 2617 980 2661 K,
1006 2617 1076 2652 inc.
1100 2621 1143 2652 12
1158 2616 1200 2662 G,
1225 2617 1242 2651 I
1265 2629 1300 2662 p.
1323 2619 1390 2651 565
1403 2616 1478 2661 ΒΥ.)
1500 2637 1543 2642 -
1564 2616 1664 2652 Serv.
1691 2616 1741 2652 ad
1760 2617 1850 2653 Aen.

417 2727 582 2767 Comm.
626 2726 821 2767 Omnibus
840 2741 860 2766 e
879 2728 987 2779 viris,
1013 2708 1185 2778 quorum
1209 2728 1250 2766 in
1274 2727 1452 2767 historiis
1475 2728 1624 2767 mentio
1649 2729 1710 2767 est
1732 2728 1851 2779 facta,

299 2787 350 2825 ad
391 2787 589 2826 neminem
630 2787 727 2826 haee
766 2787 885 2826 verbo
929 2789 1023 2837 apto
1068 2788 1242 2837 quodam
1284 2799 1402 2826 sensu
1445 2787 1639 2837 quadrare
1681 2786 1758 2826 nisi
1801 2787 1851 2825 ad
1895 2815 1898 2818 -

298 2846 348 2884 M.
369 2846 590 2885 Antonium
614 2845 765 2885 Kritzio
791 2846 1082 2885 concedendum
1107 2848 1183 2897 est3
1216 2848 1337 2896 atque
1361 2846 1472 2885 illius
1495 2848 1663 2885 mortem
1685 2867 1738 2874 —
1759 2858 1851 2884 nam

298 2905 390 2943 obiit
423 2906 487 2943 vel
524 2905 651 2944 simile
690 2905 787 2955 quid
826 2905 1142 2944 subaudiendum
1182 2918 1264 2944 esse
1301 2907 1414 2955 patet
1447 2927 1500 2932 -—
1532 2905 1612 2950 iam
1651 2904 1723 2944 hoc
1763 2905 1850 2944 1000
