1976 3190
260 193 315 234 28
755 190 910 227 Sallusti
933 191 1184 227 Historiarum
1207 191 1272 227 lib.
1293 192 1319 227 I.

261 317 379 354 quem
411 303 523 353 queri
554 304 601 341 de
634 302 902 342 dominatione
934 303 1069 342 Sullae
1102 316 1244 343 ausum
1274 315 1357 342 esse
1389 314 1483 342 sane
1514 303 1679 342 constat.
1734 303 1814 344 Sed

261 363 310 400 ad
343 361 550 400 Caesarem
581 363 758 411 spectare
789 362 949 401 videtur
977 363 1264 414 fragmentum3
1302 362 1448 401 etenim
1477 362 1593 413 hunc,
1631 362 1814 413 quamvis

261 421 430 459 offensus
463 422 566 458 esset
596 420 637 458 in
664 420 818 460 Sullam
844 421 1120 472 Sullanosque,
1152 423 1285 460 tamen
1317 420 1444 460 obniti
1470 421 1605 460 Sullae
1635 421 1812 461 domina-

261 479 361 518 tioni
391 479 564 518 noluisse
597 492 762 529 eamque
795 480 843 519 ob
874 494 958 519 rem
987 481 1029 519 in
1061 480 1242 519 Ciliciam
1261 493 1362 522 ,cum
1393 480 1560 519 Servilio
1591 479 1814 530 profectum

259 550 342 576 esse
381 538 535 577 scimus.
599 538 722 577 Cuius
755 539 813 578 rei
850 539 998 578 mentio
1036 541 1096 578 est
1131 540 1255 590 facta,
1292 539 1361 577 ubi
1398 539 1445 577 de
1478 538 1636 578 Servilii
1670 537 1812 580 bellico

259 598 458 647 apparatu
488 610 534 636 ac
564 597 807 648 profectione
839 611 965 637 sermo
998 599 1093 637 erat.

378 711 486 757 58³⁸.
535 711 649 754 Mox
680 714 825 754 tanta
856 712 1066 768 flagitia
1096 712 1147 754 in
1176 712 1272 754 tali
1303 712 1412 754 viro
1443 679 1602 767 pudet
1633 711 1813 756 dicere.

353 817 416 861 Ap
424 828 458 861 p.
496 817 525 861 (I
536 820 579 851 29
587 817 631 861 D,
646 820 691 850 34
698 816 742 859 K,
756 820 800 851 41
811 816 867 861 Gr.)
876 837 919 842 —
929 816 1049 852 Schol.
1060 815 1218 852 Gronov.
1234 816 1284 851 ad
1294 816 1367 852 Cic.
1382 827 1448 862 pro
1459 817 1566 852 Rosc.
1581 817 1630 862 (p.
1641 819 1712 852 434
1719 815 1814 862 Or.)=
1884 840 1888 843 -
1959 800 1976 877 ’Ξ

261 863 419 899 ‘Scimus
434 863 576 899 Sullam
588 863 628 898 in
640 863 803 909 pueritia
821 863 1077 908 turpissimum
1096 863 1222 910 fuisse,
1235 864 1334 899 unde
1349 863 1548 899 Sallustius
1563 863 1673 899 dixit’
1689 874 1720 900 e.
1733 875 1769 910 q.
1785 875 1815 900 s.

378 952 542 991 Comm.
604 952 695 990 Non
726 952 772 990 de
807 952 941 990 Sullae
979 951 1213 990 crudelitate
1251 953 1292 990 in
1322 951 1438 990 bellis
1470 951 1653 991 civilibus
1683 953 1813 991 osten-

256 1013 343 1049 tata
378 1033 427 1038 —
462 1011 503 1049 id
535 1011 642 1060 quod
672 1013 869 1060 putarunt
900 1011 1069 1050 editores
1104 1033 1153 1037 —
1189 1011 1257 1050 sed
1288 1011 1335 1050 de
1366 1011 1541 1050 moribus
1571 1011 1656 1050 eius
1686 1011 1814 1062 turpi-

255 1071 329 1108 bus
365 1071 439 1109 hoc
470 1071 694 1120 fragmento
732 1070 870 1109 disseri
902 1083 922 1108 e
960 1070 1196 1109 scholiastae
1233 1070 1363 1109 verbis
1399 1071 1537 1109 elucet.
1597 1070 1735 1108 Etiam
1764 1070 1812 1110 de

256 1129 476 1178 puerilibus
514 1129 622 1167 illius
662 1129 827 1180 flagitiis
860 1129 1097 1167 Sallustium
1141 1129 1265 1180 egisse
1310 1129 1423 1179 sequi
1458 1129 1556 1167 mihi
1597 1129 1756 1168 videtur
1791 1142 1812 1168 e

258 1188 464 1227 Plutarchi
495 1188 625 1227 verbis
657 1188 707 1226 ad
738 1189 783 1227 fr.
813 1189 864 1226 61
900 1188 1045 1227 allatis.

376 1289 452 1334 59.
513 1290 580 1333 Ut
611 1290 662 1332 in
694 1306 777 1333 ore
809 1290 1055 1348 gentibus
1087 1305 1252 1347 agens.

375 1394 480 1440 App.
526 1395 556 1440 (I
575 1395 672 1440 90]),
699 1399 742 1430 92
751 1395 795 1440 Κ,
819 1399 863 1430 96
872 1395 914 1440 G,
940 1396 957 1430 I
974 1407 1010 1441 p.
1030 1394 1181 1440 404Br.)
1202 1415 1246 1420 —
1266 1394 1372 1430 Arus.
1393 1406 1428 1440 p.
1443 1397 1523 1430 488.
1545 1415 1589 1421 —-
1608 1394 1743 1431 Donat.
1763 1395 1814 1430 ad

257 1442 402 1478 Terent.
430 1442 588 1487 Adelph.
615 1443 632 1477 Ι
652 1447 683 1487 2,
706 1446 759 1478 13.
781 1443 792 1486 ΙΙ
810 1443 868 1489 ut]
894 1454 960 1478 om.
987 1443 1169 1478 Donatus.

375 1529 540 1568 Comm.
597 1531 740 1569 Virum
770 1544 865 1580 prae
897 1530 1037 1570 ceteris
1067 1531 1126 1569 ita
1151 1530 1416 1582 excellentem,
1447 1531 1496 1569 ut
1525 1530 1567 1568 in
1601 1531 1815 1580 conspectu

257 1590 482 1628 exterarum
514 1603 672 1639 quoque
704 1590 885 1641 gentium
910 1590 1042 1629 vivere
1068 1590 1280 1640 videretur,
1311 1589 1546 1639 Pompeium
1572 1602 1596 1628 a
1622 1589 1813 1629 Sallustio

257 1649 505 1698 appellatum
548 1661 648 1700 esse,
693 1649 800 1699 quod
843 1651 961 1687 antea
1003 1651 1266 1699 proposuerat
1301 1648 1423 1700 Kritz,
1466 1648 1551 1687 veri
1586 1647 1718 1687 minus
1755 1650 1816 1688 est

256 1708 401 1758 simile;
440 1708 602 1759 accedit,
640 1708 747 1758 quod
777 1708 975 1758 copiosius
1013 1709 1059 1747 de
1090 1708 1278 1758 Pompeio
1311 1707 1481 1747 secundo
1518 1707 1678 1746 demum
1713 1707 1814 1747 libro

257 1768 486 1805 enarratum
523 1768 591 1805 est.
656 1767 810 1805 Sullam
840 1780 932 1806 vero
970 1767 1029 1805 ita
1066 1767 1143 1806 dici
1179 1766 1356 1817 potuisse
1393 1766 1509 1806 facile
1547 1766 1678 1816 quivis
1715 1766 1814 1805 mihi

257 1826 453 1865 concedet.
508 1826 669 1864 Etenim
699 1839 801 1877 eum,
834 1826 903 1876 qui
934 1826 975 1864 in
1006 1839 1072 1866 ore
1104 1826 1208 1865 orbis
1239 1828 1436 1864 terrarum
1466 1826 1658 1877 versatur,
1690 1825 1813 1865 omni-

255 1885 330 1923 bus
361 1885 403 1922 in
433 1885 550 1923 rebus
582 1885 768 1924 decorum
798 1898 1004 1936 moresque
1041 1885 1164 1925 bonos
1197 1885 1308 1935 sequi
1340 1884 1503 1924 solitum
1539 1896 1622 1924 esse
1653 1897 1814 1924 consen-

256 1946 420 1983 taneum
457 1946 534 1995 est,
576 1946 620 1983 at
655 1944 697 1982 in
729 1944 841 1983 Sulla
878 1945 920 1983 id
955 1945 1087 1995 ipsum
1124 1958 1148 1983 a
1186 1944 1376 1983 Sallustio
1413 1943 1714 1994 reprehenditur
1744 1938 1814 1998 (cf.

257 2004 302 2042 fr.
326 1998 413 2057 61),
446 2004 553 2053 quod
577 2017 625 2042 ne
650 2004 738 2042 tum
770 2003 940 2055 quidem,
972 2017 1062 2042 cum
1086 2017 1169 2042 rem
1193 2003 1396 2053 publicam
1419 2002 1583 2054 regebat
1606 2015 1813 2053 moresque

256 2062 405 2101 civium
422 2062 632 2102 restituere
652 2063 692 2101 in
718 2063 866 2101 bonum
898 2063 1095 2113 studebat,
1121 2075 1145 2101 a
1169 2062 1446 2112 voluptatibus
1471 2075 1516 2101 ac
1541 2061 1702 2100 luxuria
1726 2061 1813 2103 abs-

255 2122 390 2159 tinuit.
448 2121 535 2168 Qua
565 2135 606 2160 re
639 2122 673 2160 si
704 2121 929 2161 confirmari
959 2122 1118 2161 videtur
1149 2122 1284 2160 Sullae
1320 2121 1383 2160 his
1412 2121 1542 2160 verbis
1573 2120 1815 2160 mentionem

256 2180 352 2232 fieri,
383 2181 574 2220 habemus
606 2194 699 2220 sane
730 2195 813 2220 rem
844 2181 1066 2232 locumque,
1099 2194 1178 2230 quo
1209 2181 1479 2232 fragmentum
1508 2181 1737 2219 referamus.

375 2294 452 2339 60.
513 2294 751 2337 Insanum
788 2295 942 2337 aliter
980 2310 1068 2337 sua
1099 2294 1376 2350 sententia,
1413 2296 1565 2350 atque
1599 2293 1815 2337 aliorum

254 2365 521 2407 mulierum
548 2400 556 2407 .
577 2400 585 2408 .
607 2400 644 2407 ..

374 2470 479 2516 App.
530 2471 559 2515 (I
580 2474 623 2505 37
634 2470 678 2515 D,
705 2474 750 2504 40
763 2470 807 2515 K,
834 2474 879 2505 54
894 2470 935 2515 G,
961 2471 977 2504 Ι
996 2482 1030 2515 p.
1052 2473 1120 2504 406
1135 2470 1209 2516 ΒΥ.)
1230 2491 1274 2496 —-
1295 2469 1436 2505 Charis.
1455 2481 1491 2514 p.
1509 2472 1584 2504 194.
1605 2472 1617 2513 ΙΙ
1636 2468 1811 2516 aliorum]

256 2518 392 2553 conieci
414 2519 594 2562 facillima
619 2519 762 2563 quidem
792 2519 1007 2561 mutatione,
1040 2517 1199 2552 aliarum
1224 2518 1274 2561 N,
1309 2516 1468 2552 aliorum
1491 2515 1694 2551 multorum
1717 2517 1810 2552 com'.

258 2565 407 2612 Mc'thly,
440 2565 694 2600 adulterarum
719 2565 877 2600 Dietsch.
925 2565 1055 2599 Finem
1087 2566 1285 2611 fraymenti
1315 2564 1592 2609 transpositione
1622 2565 1812 2600 titulorum

257 2614 298 2647 in
317 2613 361 2647 N
369 2613 482 2656 'facta
501 2613 651 2658 periisse
676 2613 797 2648 docuit
817 2613 903 2647 Keil
909 2626 922 2656 ;
947 2623 1060 2657 amor,
1086 2612 1222 2657 cupido
1241 2613 1296 2648 vel
1319 2612 1391 2647 tale
1415 2611 1504 2657 quid
1520 2611 1812 2647 subaudiendwm

256 2671 327 2695 esse
347 2664 459 2705 patet.

377 2747 541 2786 Comm.
605 2747 740 2786 Sullae
770 2760 898 2786 mores
929 2747 990 2786 his
1020 2747 1150 2786 verbis
1180 2747 1334 2786 mutilis
1358 2746 1524 2786 describi
1549 2745 1812 2796 consentitur-3

259 2820 350 2845 sane
382 2820 472 2845 cum
504 2808 690 2845 adulteris
720 2807 945 2845 mulieribus
977 2806 1111 2845 Sullae
1144 2806 1468 2845 consuetudinem
1501 2804 1622 2844 fuisse
1654 2805 1810 2860 scimus,

257 2879 395 2904 verum
426 2866 606 2916 graviore
641 2866 819 2905 acumine
850 2865 1077 2915 maioreque
1103 2866 1188 2904 iure
1220 2865 1370 2904 dictum
1400 2877 1482 2904 esse
1513 2864 1611 2902 mihi
1640 2863 1809 2916 videtur,

259 2925 292 2965 si
329 2938 375 2963 ea
414 2938 533 2975 quam
571 2925 753 2975 equidem
795 2925 984 2975 proposui
1026 2925 1194 2964 lectione
1238 2926 1400 2974 accepta
1443 2925 1609 2963 aliorum
1651 2935 1809 2974 quoque
