2034 3184
346 149 433 191 244

394 254 592 291 concilium
609 253 841 289 Gallorum
859 253 946 288 1122
955 269 963 297 ς
983 253 1092 289 Crixo

393 305 431 338 et
455 301 578 347 gentis
604 300 771 335 eiusdem
797 299 917 335 Gallis
943 302 981 335 et
1004 300 1092 336 Ger-

392 349 513 384 manis
544 349 597 383 ΙΙΙ
623 351 667 382 96
681 348 712 382 D
723 364 731 392 ς
776 348 872 383 duae
911 347 1092 384 Galliae

392 396 566 431 mulieres
593 425 600 431 .
623 425 629 431 .
654 425 660 431 .
686 396 852 430 montem
885 395 1093 430 ascendunt

345 493 362 510 *
373 445 607 527 ΙίνέἓΙΙίιιΒ
655 489 898 535 Poplicola
946 491 1093 536 [consul

392 550 492 575 anno
506 541 555 574 72
579 542 707 573 contra
730 538 904 584 fuyitivos
925 538 1018 573 male
1038 549 1111 577 ‘res

391 587 498 632 glessit
535 597 573 631 Ρ.
607 587 703 629 147,
751 596 875 621 censor
916 597 1014 620 anno
1047 589 1094 621 70

389 634 548 680 p.173].

347 681 537 717 Germani
567 679 769 715 renonibus
801 691 933 724 corpus
958 681 1093 724 tegunt

392 729 444 762 ΠΙ
466 731 550 771 104;
577 727 686 762 Crixo
712 728 751 762 et
775 727 899 772 gentis
925 726 1092 762 eiusdem

343 786 355 798 ⁸
393 775 513 811 Gallis
551 776 664 819 atque
697 774 891 809 Germanis
923 775 975 809 ΙΙΙ
996 774 1090 811 961).

347 823 543 867 Geryonis
567 823 648 867 filia
667 822 857 868 Erytheia,
883 827 998 857 mater
1017 823 1093 857 No-

393 872 490 906 racis
513 871 548 905 II
566 874 589 904 4
615 871 672 914 (cf.
696 881 734 914 Ρ.
762 871 834 915 60).

345 919 418 954 *Μ.
445 917 624 953 Acilius
658 916 840 953 Glabrio.
890 916 989 962 Lege
1022 916 1094 951 Ga-

392 965 498 1000 binia
522 963 741 1009 Bithyniam
766 965 805 998 et
822 964 983 998 Pontum
1009 975 1094 999 con—

394 1012 467 1047 suli
493 1012 622 1047 datam
646 1011 681 1046 V
701 1015 756 1046 13.

346 1060 458 1105 Apud
478 1059 712 1096 Gorduenos
739 1069 927 1092 amomum
952 1060 1021 1094 etc.
1038 1087 1045 1094 .
1063 1088 1092 1094 ..

393 1107 598 1153 gignuntur
634 1106 685 1141 IV
718 1109 781 1150 723
820 1106 889 1151 [ibi
923 1107 1093 1142 hiemavit
1133 1147 1139 1152 .

393 1155 622 1199 Lacallasp
626 1153 754 1206 .178].

347 1203 440 1238 Tib
483 1166 739 1246 Sempronil
784 1199 964 1254 Gracchi
999 1213 1094 1237 mors

393 1254 471 1286 erat
490 1248 640 1283 initium
654 1247 777 1283 civilis
792 1247 985 1293 sanguinis
1005 1249 1022 1282 Ι
1037 1252 1091 1284 17.

349 1297 541 1334 Graeciae
577 1295 722 1341 dempsi
752 1306 867 1340 grave
899 1295 1093 1330 servitium

394 1345 444 1379 IV
465 1347 603 1388 69,11;
633 1342 795 1388 primum
821 1342 1093 1378 Graecorum

394 1391 581 1426 Achillem
605 1391 657 1425 ΙΠ
676 1393 731 1425 69.

347 1439 570 1476 Granicus
590 1439 737 1485 [pagna
756 1438 809 1472 ibi
825 1438 927 1481 facta
943 1439 1092 1484 Ρ.116].

347 1486 547 1524 *Granius
591 1486 780 1532 [princeps
821 1486 982 1521 coloniae
1018 1486 1093 1521 Pa-

394 1535 494 1569 teolis
518 1546 542 1569 a
568 1533 673 1569 Sulla
697 1533 889 1578 iuyalatwr
909 1545 947 1577 Ρ.
967 1533 1045 1579 20].

347 1581 483 1618 θι*ιιι·ιι
508 1581 701 1628 [Tigranis
720 1581 837 1624 frater
855 1580 1016 1615 Nisibim
1035 1581 1092 1616 de-

366 1670 370 1676 ·
392 1630 510 1673 fenclit
529 1641 568 1674 Ρ.
590 1628 690 1674 179].

347 1724 421 1759 *Μ.
454 1721 622 1757 Fabius
666 1722 895 1757 Hadrianus
940 1722 1094 1768 [leyatas

395 1771 546 1806 Luculli
565 1770 841 1805 Mithridaticos
859 1770 909 1804 ad
924 1769 1094 1804 Cabiram

394 1819 481 1854 vicit
490 1830 526 1862 Ρ.
536 1820 627 1860 159;
647 1817 806 1852 Pontum
819 1821 946 1852 contra
958 1818 1094 1852 eosdem

395 1870 535 1901 tutatus
559 1869 609 1899 est
629 1876 666 1909 Ρ.
689 1864 786 1910 19Ο].

347 1913 472 1958 Halys
499 1922 567 1958 per
590 1909 891 1956 Paphlagoniam
915 1910 1030 1946 fluit.

394 1959 535 2004 Lydiae
558 1970 674 2004 regna
694 1957 877 1993 disiunxit
896 1969 918 1992 a
937 1940 1096 1993 Persicis

349 2055 447 2098 Quid
473 2066 495 2089 a
520 2054 678 2099 Pyrrho,
710 2053 935 2088 Hannibale
956 2082 962 2088 .
980 2082 986 2088 .
1005 2082 1010 2088 .
1033 2053 1095 2088 de-

394 2102 540 2137 fensum
584 2102 641 2136 est
683 2100 789 2135 aliud
827 2099 901 2134 nisi
937 2100 1093 2135 libertas

395 2150 411 2184 Ι
427 2153 482 2194 55,
496 2153 534 2193 4;
555 2148 628 2184 iter
647 2147 751 2182 aliud
772 2149 885 2192 atque
901 2147 1093 2183 Hannibal

394 2196 558 2241 patefeci
588 2196 623 2230 II
643 2199 704 2240 98,
725 2199 757 2230 4.
808 2195 1003 2231 *Pelorum
1037 2207 1091 2231 oc-

395 2245 486 2279 cidit
509 2243 559 2278 IV
580 2247 635 2277 29.

348 2291 546 2327 Heraclea
555 2290 584 2324 P
593 2301 613 2324 o
622 2302 646 2324 n
653 2289 689 2324 ti
697 2301 716 2324 c
724 2301 756 2324 a.
768 2289 986 2335 Naufragiis
994 2289 1094 2335 apud

396 2338 547 2373 Parium
575 2339 613 2372 et
637 2337 858 2371 Heracleam
883 2337 934 2372 IV
954 2341 1009 2382 69,
1031 2341 1093 2381 14;

397 2387 451 2433 [eo
470 2385 708 2420 Mithridates
729 2395 773 2419 ex
790 2385 991 2430 naufrayio
1010 2396 1092 2420 con-

395 2434 493 2479 fayit
531 2444 569 2478 Ρ.
603 2435 697 2475 131,·
746 2444 769 2467 a
809 2432 912 2466 Cotta
937 2433 1094 2497 *obsessa

397 2485 572 2526 captaque
592 2491 631 2524 Ρ.
653 2481 722 2514 131
748 2483 781 2514 et
806 2479 910 2524 159];
937 2479 1030 2523 *par
1053 2479 1093 2514 in

398 2539 445 2573 op
446 2527 536 2573 pido
561 2525 755 2561 festinatio
782 2526 820 2560 et
838 2527 957 2560 terror
975 2527 1026 2561 IV
1041 2531 1094 2562 16.

350 2540 445 2622 *P[S
424 2586 446 2610 a
454 2587 472 2608 r
446 2540 504 2609 pd
511 2586 559 2608 us
573 2574 748 2609 Hercule
753 2585 803 2618 po
804 2584 863 2608 oci-
865 2578 966 2608 eatns
971 2586 1009 2618 Ρ
1021 2575 1095 2621 60].

351 2623 387 2658 O.
414 2621 641 2658 Herennius
679 2632 762 2655 cum
796 2620 887 2655 urbe
918 2620 1096 2656 Valentia

398 2671 436 2705 et
455 2668 620 2704 exercitu
641 2667 755 2703 deleti
773 2667 808 2702 II
829 2671 884 2713 98,
905 2671 925 2701 6
951 2670 1003 2713 (Ρ.
1019 2671 1092 2714 81).

399 2739 442 2742 -
470 2716 612 2751 Sullam
637 2714 826 2750 consulem
847 2744 853 2750 .
870 2744 877 2750 .
894 2744 900 2750 .
921 2715 1093 2750 tribunus

397 2764 518 2809 plebis
534 2763 570 2797 C.
584 2762 813 2798 Herenniu
822 2774 838 2796 s
850 2762 1095 2807 prohibuerat

351 2859 472 2893 Metus
498 2857 652 2903 Pompei
677 2857 946 2902 Hiempsalem
974 2856 1014 2891 in
1038 2868 1093 2892 re-

397 2918 511 2950 gnum
536 2904 769 2940 restituentis
794 2904 811 2938 I
831 2907 886 2939 53.

1034 147 1149 184 Index
1173 148 1220 184 II.

1164 254 1202 290 L.
1237 253 1465 290 Hirtuleius
1520 254 1696 301 [Sertorii
1717 260 1908 338 ἄκακον

1211 301 1416 337 Domitiam
1445 302 1532 337 vicit
1557 314 1595 347 Ρ.
1622 305 1687 346 44,
1765 302 1908 340 amulium

1210 349 1355 384 Ilerdae
1396 349 1497 393 fudit
1527 360 1567 394 Ρ.
1593 351 1658 394 45,
1700 361 1725 386 α
1761 349 1909 387 Metello

1210 396 1364 432 Italicae
1386 401 1578 441 superatas
1597 408 1636 442 Ρ.
1652 399 1713 441 68,
1739 397 1783 433 Se
1806 398 1908 434 aviae

1210 444 1420 487 interfectas
1439 455 1479 488 Ρ.
1496 443 1578 490 81];
1603 445 1646 478 ut
1663 444 1775 479 Hirtu
1791 444 1850 481 eio
1868 444 1909 479 in

1210 490 1406 526 brachium
1431 490 1508 525 tela
1532 490 1704 526 venirent
1727 491 1763 527 11
1781 495 1837 528 59.

1164 538 1383 584 Hispaniae
1408 537 1521 572 armis
1547 537 1732 575 sollicitae
1755 539 1774 574 Ι
1793 542 1849 584 77,
1867 541 1907 584 83

1213 596 1320 620 omne
1344 585 1487 620 bellum
1505 585 1710 631 Hispaniae
1727 586 1832 632 1198,
1837 567 1908 631 ³210

1210 632 1454 678 imperatores
1486 632 1690 678 Hispaniae
1721 633 1756 669 II
1779 637 1842 680 47,
1869 637 1907 678 6;

1211 680 1426 715 Tartessum
1466 679 1671 725 Hispaniae
1715 662 1908 717 civitateni

1211 727 1245 762 ΙΙ
1271 731 1310 772 ὃς
1342 727 1525 764 Sertorius
1548 727 1720 763 tribunus
1743 727 1909 764 militum

1211 774 1250 809 in
1262 757 1446 830 Hispania
1464 775 1481 809 I
1495 778 1556 819 88;
1577 775 1799 821 Hispaniam
1811 776 1910 812 anti-

1213 833 1327 866 quam
1362 824 1439 858 eins
1466 822 1631 868 patriam
1660 823 1678 858 I
1702 827 1765 869 93·
1801 823 1910 870 Lepi-

1215 869 1303 904 dani
1327 869 1368 904 in
1386 869 1610 915 Hispaniam
1628 881 1678 905 an
1697 870 1909 906 Sardiniam

1213 927 1407 961 perrexere
1432 918 1449 951 Ι
1470 921 1531 962 833
1557 917 1751 963 hostisque
1774 918 1825 954 ab
1843 918 1908 954 Al-

1213 963 1323 1009 pibus
1373 964 1413 999 in
1458 964 1681 1010 Hispaniam
1729 965 1913 1002 summovi

1214 1012 1247 1046 II
1275 1016 1336 1056 98,
1363 1015 1401 1056 43
1438 1012 1598 1047 navibus
1626 1011 1666 1047 in
1690 1012 1912 1059 Hispaniam

1213 1060 1403 1094 maturare
1441 1060 1603 1096 Antonio
1635 1061 1758 1106 placet
1793 1060 1848 1096 III
1872 1065 1911 1105 ὃς

1214 1106 1373 1141 ardebat
1404 1106 1523 1141 omnis
1547 1106 1774 1153 Hispania
1797 1107 1912 1143 cite-

1213 1153 1306 1188 rior
1325 1154 1342 1188 1
1362 1156 1424 1198 853
1449 1153 1657 1189 Domitium
1675 1165 1721 1190 ex
1740 1154 1912 1190 citeriore

1213 1200 1398 1246 Hispania
1441 1202 1637 1237 arcessivit
1675 1203 1692 1237 I
1718 1205 1804 1247 1113
1847 1202 1911 1238 Hi-

1214 1248 1385 1293 spaniam
1441 1248 1652 1284 citeriorem
1700 1249 1750 1285 ad
1798 1249 1912 1286 inter-

1212 1295 1406 1331 necionem
1447 1296 1680 1332 vastavimus
1721 1297 1757 1332 H
1781 1299 1844 1343 98,
1869 1301 1911 1342 9;

1214 1343 1387 1378 Metellus
1401 1343 1441 1378 in
1459 1343 1729 1379 ulteriorem
1746 1343 1911 1390 Hispa—

1213 1391 1335 1426 niam
1347 1402 1536 1437 regressus
1546 1391 1582 1426 H
1590 1395 1651 1436 7ος
1664 1391 1756 1437 *per
1765 1402 1911 1428 omnem

1213 1438 1446 1483 provinciam
1469 1439 1486 1472 Ι
1514 1442 1598 1483 107;
1628 1439 1674 1474 de
1698 1438 1810 1481 victis
1834 1438 1912 1474 Hi-

1215 1497 1230 1519 s
1238 1498 1262 1530 p
1271 1485 1369 1520 anis
1394 1487 1551 1531 tropaea
1570 1485 1767 1522 constituit
1779 1486 1833 1522 111
1845 1490 1908 1532 893

1214 1533 1380 1578 Hispani
1409 1535 1662 1570 describuntur
1691 1533 1726 1569 Π
1750 1536 1813 1579 8ος
1846 1545 1911 1580 pe-

1213 1580 1323 1615 cunia
1355 1581 1404 1616 ad
1434 1580 1740 1626 Hispaniense
1769 1580 1911 1617 bellum

1214 1628 1304 1663 data
1328 1629 1363 1662 II
1383 1632 1438 1664 34.

1165 1675 1305 1711 Hister
1328 1677 1409 1711 vide
1434 1675 1678 1712 Danuvius.

1165 1723 1322 1758 inclitae
1341 1724 1506 1759 Homeri
1526 1723 1753 1758 carminibus
1773 1725 1831 1770 (sc.
1852 1725 1908 1760 in-

1211 1771 1312 1806 sulae
1335 1772 1559 1817 fortunatae)
1583 1771 1601 1806 Ι
1621 1774 1699 1807 101.

1166 1817 1206 1860 Q.
1221 1818 1462 1854 Hortensius
1483 1819 1728 1865 [Dolabellam
1749 1830 1848 1855 wnno
1862 1821 1911 1855 77

1212 1866 1372 1910 defendit
1403 1878 1440 1911 Ρ.
1469 1869 1536 1909 52,·
1577 1867 1703 1902 consul
1737 1877 1837 1902 anm
1861 1869 1910 1901 69

1168 2008 1374 2043 Iacetania
1397 2009 1478 2043 vide
1502 2007 1762 2043 Laeetania.

1168 2055 1400 2091 *laniculus
1424 2066 1548 2090 mons
1581 2056 1777 2102 [proelium
1796 2066 1911 2102 prope

1213 2114 1293 2138 eam
1317 2115 1341 2138 a
1366 2103 1507 2148 Lepido
1531 2114 1575 2139 ac
1598 2102 1727 2138 Catulo
1751 2104 1909 2139 commis-

1212 2162 1290 2185 sam
1310 2162 1349 2195 Ρ.
1369 2151 1444 2196 22].

1164 2197 1328 2232 Primam
1353 2197 1561 2243 Iapydiam
1585 2196 1773 2243 ingressus
1798 2197 1834 2232 II
1852 2201 1909 2233 40.

1166 2245 1332 2280 Primum
1362 2245 1547 2281 Iasonem
1573 2274 1581 2281 .
1604 2274 1611 2280 .
1634 2273 1641 2280 .
1667 2245 1808 2280 Aeetae
1844 2245 1910 2280 ho-

1214 2293 1322 2338 spitis
1349 2292 1500 2327 domum
1521 2291 1684 2328 violasse
1708 2292 1761 2327 ΙΠ
1780 2295 1834 2328 68.

1166 2340 1340 2377 Ichnusa
1376 2351 1505 2376 nomen
1535 2339 1733 2376 Sardiniae
1769 2340 1911 2376 insulae

1166 2435 1328 2471 *Iolaus
1366 2435 1432 2481 [ad
1463 2434 1677 2471 Sardiniam
1711 2439 1831 2470 vectus
1860 2439 1911 2470 est

1168 2529 1279 2574 Apud
1303 2483 1480 2565 Ilerdam
1509 2529 1681 2565 Manlius
1704 2530 1750 2566 ab
1775 2529 1908 2565 Hirta-

1216 2578 1283 2613 leio
1306 2578 1422 2613 victus
1445 2577 1462 2611 Ι
1483 2580 1560 2612 122.

1167 2624 1305 2670 Recepi
1331 2623 1504 2669 Galliam,
1529 2624 1772 2669 Pyrenaeum,
1797 2623 1909 2659 Lace-

1214 2671 1368 2717 taniam,
1395 2671 1597 2708 Indicetes
1621 2671 1656 2705 Π
1677 2675 1732 2716 98,
1753 2673 1784 2706 5.

1167 2719 1330 2755 Insulae
1378 2719 1609 2754 fortunatae
1657 2719 1910 2754 describuntwr

1214 2767 1426 2810 1100.101;
1454 2767 1493 2812 [a
1513 2765 1670 2801 Sertorio
1688 2769 1911 2811 appetwntm·

1166 2815 1532 2897 Isioura]vetus
1514 2861 1677 2896 *obsessa
1713 2870 1757 2894 ac
1786 2859 1908 2894 dedita

1213 2909 1246 2942 ΙΙ
1267 2908 1352 2943 87Α
1371 2910 1410 2943 et
1429 2908 1475 2952 B,
1500 2919 1586 2942 mox
1610 2907 1768 2941 Isaura
1793 2917 1909 2941 nova
