2034 3184
327 150 413 192 202
891 150 1046 186 Sallusti
1070 150 1319 187 Historiarum

446 258 489 303 4.
549 259 791 315 Regressi
821 259 881 300 ad
911 258 1175 302 faciliores
1205 260 1339 303 ictus
1369 260 1480 302 loco
1513 261 1772 304 cedebant.

420 351 524 396 App.
576 352 661 396 (Ine.
684 355 728 386 56
741 351 784 396 D,
812 356 855 386 22
870 351 913 396 Κ,
940 355 984 387 25
999 351 1040 396 Gr,
1066 353 1100 387 H
1124 365 1158 398 p.
1181 356 1249 388 550
1261 353 1336 399 Br'.)
1357 375 1399 379 —-
1421 353 1520 389 Serv.
1541 353 1591 388 ad
1609 353 1699 390 Aen.
1718 354 1771 389 IX
1791 357 1874 392 746:

328 399 459 443 ‘genus
496 398 655 433 feriendi
694 398 930 434 Gallicanum
962 399 1175 435 Sallustius’
1203 412 1233 436 e.
1260 412 1294 445 q.
1322 412 1348 436 s,
1381 403 1392 446 ΙΙ
1422 400 1503 436 loco
1539 401 1738 449 cedebant]
1774 401 1876 438 locos

327 446 558 490 quaerebant
583 447 742 482 Dietseh.

445 515 610 555 Comm.
672 517 857 556 Forsitan
887 518 960 557 hoc
993 518 1152 568 quidem
1183 532 1203 558 e
1230 519 1355 558 Servii
1387 519 1515 558 verbis
1546 519 1721 559 conicere
1746 519 1876 572 liceat,

327 575 371 612 de
397 588 534 626 pugna
559 588 650 614 oum
670 575 796 616 Gallis
821 577 929 616 faeta
953 577 1026 616 hoe
1051 578 1274 628 fragmento
1301 578 1378 629 agi,
1403 578 1609 628 possisque
1629 578 1680 617 ad
1697 578 1878 631 Pompeii

325 634 401 672 iter
430 648 501 684 per
532 635 684 674 Gallias
715 636 757 674 in
781 636 1018 686 Hispaniam
1048 638 1199 676 factum
1230 638 1294 676 vel
1325 638 1375 676 ad
1405 650 1595 689 pugnam,
1626 650 1707 688 qua
1737 637 1877 679 Crixus

325 706 415 732 cum
454 694 579 733 Gallis
618 694 901 746 Germanisque
945 695 1114 747 interiit,
1156 697 1318 735 referre:
1362 698 1404 735 at
1444 698 1578 736 tamen
1604 697 1735 742 ,valde
1778 697 1876 736 mihi

325 753 490 791 dubium
526 754 702 805 videtur,
738 756 875 797 utrum
911 756 1072 794 tantum
1107 756 1228 795 moris
1264 756 1470 808 pugnandi
1505 755 1876 817 illius‚e39mp1um

325 813 523 864 attulerit,
563 826 613 852 an
645 814 894 853 coniecturae
926 827 1037 865 suae,
1076 814 1328 853 Gallicanum
1359 815 1399 853 id
1430 828 1512 854 esse
1544 816 1668 867 genus
1695 815 1876 868 feriendi,

325 873 637 922 comprobandae
670 886 791 912 causa
821 874 918 912 haec
949 874 1174 913 laudaverit
1205 874 1375 914 Servius.

442 963 485 1008 5.
546 963 791 1006 Pactione
822 964 1006 1006 amisso
1038 964 1224 1007 Publio
1255 965 1440 1022 legato.

323 1103 377 1138 Ph
440 1056 546 1139 Appq.
579 1057 683 1139 9(lInc.
710 1060 755 1092 84
769 1057 818 1103 D,
851 1060 893 1092 51
908 1057 957 1103 K,
989 1057 1073 1103 3G,
1105 1057 1139 1092 II
1162 1038 1374 1104 1148οΒ1.)
1406 1080 1450 1085 -
1482 1058 1615 1095 Donat.
1648 1058 1698 1095 ad
1728 1058 1874 1096 Terent.

380 1115 468 1139 orm.
549 1133 557 1149 ‚
627 1134 633 1140 .
1536 1138 1540 1142 .
1655 1121 1657 1124 ⁴
1832 1134 1835 1135 γ
1862 1139 1863 1142 ,

441 1174 605 1214 Comm.
648 1176 782 1215 Publii
806 1176 930 1228 legati
948 1176 1106 1215 nomine
1126 1176 1332 1228 neminem,
1352 1177 1428 1215 nisi
1448 1178 1490 1216 P.
1505 1177 1698 1230 Clodium,
1715 1178 1881 1218 Luculli*

322 1235 510 1286 legatum,
543 1235 757 1286 significari
787 1235 964 1286 potuisse
996 1236 1101 1275 iusto
1134 1236 1324 1274 audacius
1350 1237 1519 1276 editores
1544 1238 1798 1280 statuerunt„
1815 1269 1831 1282 ,‚
1866 1251 1882 1283 Γ

440 1337 484 1382 6.
540 1337 726 1381 Hostes
757 1341 842 1381 aut
874 1339 1110 1394 oppressi
1142 1341 1228 1380 aut
1260 1338 1449 1394 dilapsi
1483 1327 1675 1383 forent.

439 1432 544 1478 App.
583 1432 670 1478 (Inc.
685 1435 729 1467 52
740 1432 784 1478 D,
806 1436 850 1467 18
860 1432 904 1477 Κ,
926 1436 967 1467 11
981 1432 1023 1478 Gr,
1043 1433 1077 1467 II
1089 1445 1123 1478 p.
1140 1435 1208 1467 552
1220 1432 1294 1479 Br.)
1315 1454 1358 1458 —
1378 1431 1507 1468 Isidor.
1528 1432 1619 1479 orig.
1638 1411 1804 1481 mimz,
1821 1417 1851 1471 γ’1.
1865 1434 1878 1483 ΙΙ

323 1480 435 1516 Prius
459 1482 526 1515 aut
550 1491 615 1516 om.
641 1481 748 1527 valyo
772 1481 814 1515 iri
838 1479 926 1516 Sall.
953 1481 1030 1516 edd.
1634 1488 1637 1493 ¹
1719 1489 1720 1492 ¹
1759 1486 1780 1495 ¹⁴
1839 1484 1858 1508 ἰ

443 1563 485 1609 ’7.
539 1565 741 1608 Virtuti
773 1565 899 1608 satis
931 1564 1217 1607 eredebant.

384 1633 546 1706 fflssApp.
597 1659 683 1705 (Ine.
704 1662 748 1695 47
762 1659 807 1704 D,
835 1658 935 1704 13K,
963 1662 1006 1694 74
1022 1658 1078 1704 G.)
1104 1679 1148 1684 —
1175 1657 1275 1694 Serv.
1302 1659 1351 1694 ad
1376 1658 1502 1694 Bucol.
1528 1638 1562 1693 H
1583 1661 1638 1694 17.

441 1745 485 1789 8.
541 1744 650 1787 Neu
682 1744 794 1800 quis
825 1744 972 1786 miles
1001 1758 1124 1786 neve
1157 1758 1248 1798 pro
1278 1742 1456 1786 milite.

440 1837 545 1883 App.
596 1838 683 1883 (Inc.
703 1842 748 1873 49
762 1838 806 1883 D,
834 1841 877 1873 15
890 1837 935 1882 K,
960 1841 1005 1872 42
1020 1836 1063 1882 G,
1088 1837 1122 1872 H
1140 1849 1175 1882 p.
1198 1839 1264 1871 159
1278 1836 1352 1882 Br.)
1373 1857 1415 1862 -
1438 1836 1536 1872 Serv.
1559 1837 1608 1882 ad
1627 1835 1717 1872 Aen.
1737 1837 1772 1884 ῌ
1792 1840 1876 1874 157;

325 1885 555 1930 ‘plerumque
581 1885 681 1920 enim
706 1885 852 1920 evocati
879 1884 1068 1930 dicuntur,
1101 1885 1139 1920 et
1164 1895 1238 1919 non
1264 1885 1350 1919 sunt
1374 1883 1531 1929 milites,
1563 1884 1629 1919 sed
1651 1886 1733 1930 Ρ1·σ“
1743 1884 1879 1932 milite,

324 1934 422 1968 unde
449 1932 663 1968 Sallustius’
692 1944 721 1969 e.
743 1945 777 1978 q.
799 1945 825 1968 S.
1204 1979 1206 1982 y
1677 1946 1680 1957 τ

440 2018 486 2063 9.
541 2017 609 2061 Ut
645 2032 724 2060 res
754 2018 922 2074 ,magis
966 2031 1109 2072 quam
1152 2016 1307 2059 verba
1350 2018 1640 2073 agerentur,
1682 2016 1878 2061 liberos

324 2089 659 2145 parentisque
691 2089 742 2131 in
771 2088 927 2131 muris
957 2089 1261 2131 locaverant.
1636 2082 1638 2084 ¹
1842 2099 1843 2102 ’

441 2182 546 2228 App.
598 2183 683 2228 (Ino.
706 2186 750 2217 39
764 2182 813 2227 D,
847 2182 931 2227 5K,
962 2182 1013 2217 ΠΙ
1033 2185 1077 2216 59
1092 2180 1134 2227 G,
1165 2181 1200 2216 Π
1222 2193 1258 2227 p.
1282 2185 1346 2216 101
1361 2181 1435 2226 Br.)
1467 2202 1511 2207 —
1543 2179 1665 2216 Schol.
1701 2180 1751 2216 ad
1781 2180 1875 2217 Stat.
1902 2209 1905 2212 Α

323 2230 438 2265 Theb.
459 2230 492 2264 X
512 2233 590 2266 573.
611 2231 622 2276 ΙΙ
642 2230 855 2276 agerentur]
882 2230 996 2273 codd„
1020 2230 1238 2274 gererentur
1261 2230 1313 2265 ed.
1341 2229 1587 2275 Dirideribroy:
1606 2249 1650 2255 —-
1673 2238 1733 2264 res
1755 2227 1878 2274 magis

324 2289 436 2322 quam
460 2277 591 2324 verba]
617 2289 656 2312 re
681 2277 801 2323 magis
828 2288 940 2322 quam
964 2277 1078 2312 verbo
1103 2278 1194 2312 corii.
1217 2277 1338 2313 Klotz.
1607 2299 1610 2301 -
1787 2280 1789 2283 “
1850 2292 1852 2297 ⁴

445 2361 520 2406 10.
568 2362 679 2405 Non
710 2362 1123 2418 repugnantibus
1154 2361 1315 2417 modo,
1347 2362 1432 2404 sed
1462 2375 1521 2403 ne
1552 2359 1750 2407 deditis.
1772 2360 1879 2416 qui-

325 2434 433 2476 dem
464 2433 645 2488 <armis
677 2433 868 2475 bellum
901 2433 1126 2475 excitare
1158 2432 1550 2488 metuentibus).

441 2526 546 2572 App.
579 2526 665 2571 (Ino.
681 2530 726 2561 60
736 2525 780 2571 D,
801 2530 844 2561 26
856 2526 899 2571 Κ,
919 2526 936 2560 Ι
950 2530 991 2560 21
1006 2525 1047 2570 G,
1067 2526 1130 2571 Ip.
1143 2529 1211 2560 303
1221 2526 1494 2571 Br.)—Donat.
1510 2524 1559 2560 ad
1573 2523 1718 2560 Terent.
1729 2523 1875 2578 Phorm.

323 2575 338 2609 Ι
359 2578 391 2619 2,
411 2578 444 2619 4,
466 2578 486 2609 8
512 2575 619 2619 (deest
647 2575 689 2609 iri
716 2573 769 2619 Ο).
802 2575 813 2618 ΙΙ
843 2573 1155 2620 repugnantibus]
1186 2584 1233 2608 ne
1263 2572 1519 2619 pugnantibus
1551 2572 1601 2607 D.
1640 2592 1698 2598 —-›
1721 2570 1876 2618 deditis]

325 2621 430 2657 dedit
454 2621 500 2656 iis
527 2621 575 2656 D.
610 2642 653 2646 -
686 2621 870 2656 Postrema
899 2622 1006 2656 verba
1038 2622 1167 2657 litteris
1191 2632 1223 2656 a.
1250 2621 1285 2656 b.
1313 2632 1342 2656 e.
1369 2633 1415 2656 m.
1443 2620 1628 2656 abbreviat
1650 2619 1702 2663 D,
1730 2619 1782 2654 ed.
1804 2630 1878 2664 pr„

324 2682 356 2705 a.
377 2669 412 2704 b.
434 2680 463 2704 c.
484 2681 531 2704 m.
557 2670 676 2715 valyo,
701 2668 838 2704 atrocis
864 2667 955 2703 belli
981 2668 1106 2703 clades
1131 2667 1384 2703 metuentibus
1403 2668 1520 2713 suppl.
1540 2666 1768 2710 Debrossiue,
1793 2665 1877 2700 abs-

323 2716 516 2751 tinuerunt
539 2727 671 2750 manus
692 2716 814 2759 Klotz,
839 2714 1134 2760 approbantibus
1159 2715 1328 2751 bellandi
1353 2714 1550 2751 consilium
1573 2712 1692 2749 mittit
1715 2713 1876 2749 Dictaea.

336 2765 461 2800 Veram
485 2765 668 2799 restituere
693 2775 773 2799 cam
796 2775 1028 2808 raeqaeamas,
1059 2764 1134 2799 veri
1163 2764 1300 2799 similia
1326 2774 1525 2808 proponere
1555 2762 1646 2797 satis
1672 2761 1875 2796 habeamus.

323 2812 379 2846 Ae
400 2812 561 2856 primam
587 2810 726 2846 deditis
750 2812 851 2846 ‘nullo
869 2811 973 2846 ‘modo
991 2811 1202 2855 respondere
1223 2815 1339 2855 potest
1356 2811 1436 2846 voci
1453 2806 1761 2855 repugnantibus,
1782 2807 1876 2843 deei-

324 2860 473 2894 (leratwr
491 2863 611 2894 autem
628 2860 775 2894 verbam
793 2859 953 2903 aliquod,
973 2869 1041 2902 qao
1060 2857 1295 2902 repugnandi
1314 2858 1412 2893 notio
1431 2858 1540 2893 etiam
1559 2859 1732 2901 auqetwr5
1755 2855 1878 2908 itaque

323 2907 587 2942 substantivum
624 2908 778 2942 alteram
814 2906 1057 2951 quaerendum
1093 2910 1143 2940 est
1180 2906 1230 2940 ad
1265 2906 1464 2941 ablativum
1500 2903 1702 2940 absolumm
1738 2901 1877 2939 deditis
