1976 3190
277 171 333 213 58
761 171 916 206 Sallusti
940 171 1190 207 Historiarum
1214 172 1278 207 lib.
1299 172 1342 207 II.

276 279 453 321 Dietsch
486 279 614 320 etiam
646 278 782 333 ipsius
813 279 916 320 belli
948 294 972 320 a
999 278 1124 322 Cotta
1148 280 1410 335 Luculloque
1441 284 1602 323 aestate
1634 283 1690 324 74
1720 282 1832 340 gesti

276 349 563 391 narrationem
588 348 688 391 huic
711 349 824 391 libro
850 349 1189 406 assignaverunt3
1215 350 1372 392 etenim
1398 350 1507 408 inde,
1532 352 1646 406 quod
1670 355 1832 408 postre-

276 420 357 461 mis
400 419 629 476 fragmenti
672 419 991 463 Aurelianensis
1035 421 1243 463 columnis
1286 420 1465 464 Antonii
1508 421 1722 465 maritima
1763 438 1834 467 ex-

276 490 438 545 peditio
471 494 837 546 commemoratur,
872 491 922 533 de
954 507 1038 547 qua
1063 491 1311 534 Sallustium
1343 492 1388 534 in
1417 492 1544 535 tertio
1576 493 1689 536 libro
1719 494 1833 538 locu·

276 564 368 602 tum
412 576 502 603 esse
546 577 567 604 e
608 562 784 617 reliquis
822 562 1015 618 sequitur
1050 563 1320 620 fragmentis,
1363 563 1454 605 iure
1491 563 1653 607 Hauler
1692 565 1832 609 effecit

276 632 391 674 tertii
429 632 530 675 libri
568 633 739 675 initium
775 633 888 675 haud
930 633 1058 690 longe
1102 634 1156 675 ab
1201 634 1286 676 illis
1327 635 1552 691 columnis,
1591 634 1636 677 in
1673 635 1832 691 quibus

275 703 460 758 epistula
503 703 763 759 Pompeiana
806 704 933 760 inest,
979 704 1153 761 afuisse3
1202 705 1346 761 itaque
1391 705 1584 748 consules
1633 707 1733 749 anni
1777 709 1833 751 74

275 774 441 816 etiamsi
470 775 550 817 sub
577 775 705 817 finem
736 775 838 817 libri
871 775 1043 817 secundi
1074 775 1283 818 nominati
1316 779 1428 833 sunt,
1460 779 1620 819 ceteras
1651 777 1750 820 anni
1778 779 1834 822 74

274 861 341 887 res
372 846 500 888 tertio
527 846 572 888 in
600 846 712 888 libro
740 846 975 901 descriptas
1001 861 1092 889 esse
1125 847 1407 889 certissimum
1434 851 1509 890 est,
1559 847 1693 899 Quem
1723 849 1835 905 prio-

273 931 368 958 rum
394 917 606 959 editorum
631 932 816 960 errorem
846 917 974 959 etiam
993 932 1116 974 nunc,
1143 919 1257 973 quod
1282 933 1381 961 sane
1407 918 1586 975 mireris,
1609 918 1656 962 P.
1675 919 1833 977 Jiirges

272 987 298 1029 1.
325 988 351 1030 l.
378 1004 419 1043 p.
439 990 497 1030 44
509 1003 570 1044 sq.
603 988 796 1044 sequitur
820 989 1072 1045 fragmentis
1101 989 1359 1044 quibusdam
1393 1005 1619 1045 perperam
1649 990 1733 1037 huc
1763 991 1833 1033 ad-

272 1058 441 1102 hibitis:
486 1059 559 1115 qui
604 1074 861 1115 quamquam
905 1059 1067 1102 bellum
1104 1059 1444 1103 Mithridaticum
1487 1061 1678 1117 coepisse
1720 1060 1832 1105 amio

276 1132 329 1173 73
362 1133 533 1172 strenue
566 1131 762 1187 affirmat,
797 1133 940 1172 tamen
971 1131 1083 1173 idem
1114 1146 1200 1173 non
1232 1131 1402 1174 dubitat
1433 1132 1614 1175 secundo
1646 1132 1690 1175 id
1718 1133 1831 1177 libro

275 1201 527 1243 attribuere!
1317 1258 1320 1261 ψ

390 1272 539 1329 Itaque
576 1273 671 1315 hice
710 1273 790 1315 erit
821 1273 1077 1316 narrationis
1109 1273 1229 1316 ordo:
1268 1273 1414 1317 Primo
1444 1276 1574 1329 capite
1609 1290 1681 1318 eas
1709 1275 1832 1318 nimi—

271 1358 366 1385 rum
392 1359 459 1386 res
485 1345 757 1401 complector,
789 1359 897 1400 quae
929 1344 1058 1386 etiam
1089 1359 1199 1386 anno
1227 1346 1279 1387 77
1313 1348 1561 1388 evenerunt:
1593 1345 1756 1389 bellum
1786 1346 1831 1390 in

273 1414 466 1457 Sardinia
503 1431 527 1457 a
563 1415 727 1470 Lepido
771 1415 1030 1472 incohatum,
1071 1418 1253 1458 mortem
1289 1415 1460 1473 Lepidi,
1501 1416 1744 1472 Perpernae
1786 1417 1831 1460 in

271 1485 526 1541 Hispaniam
551 1486 793 1543 transitum,
823 1486 1052 1541 imperium
1077 1486 1181 1528 belli
1201 1485 1433 1529 Sertoriani
1452 1487 1659 1543 Pompeio
1685 1489 1831 1531 datum

272 1557 437 1612 iterque
475 1556 566 1598 eius
604 1556 649 1598 in
685 1556 940 1612 Hispaniam
977 1571 1055 1611 per
1092 1555 1251 1598 Gallias
1288 1557 1459 1599 factum.
1519 1558 1622 1601 Mox
1658 1561 1831 1603 secundo
1915 1576 1921 1580 ⁷
1956 1606 1961 1620 k

271 1629 401 1681 capite
426 1642 492 1669 res
519 1641 629 1669 anno
658 1628 711 1670 76
738 1630 884 1684 gestae
909 1627 1173 1683 insecuntur3
1200 1642 1251 1669 ex
1277 1627 1345 1669 his
1369 1629 1586 1683 praecedit
1610 1645 1710 1673 sane
1735 1645 1830 1674 con-

271 1699 411 1742 sulum
448 1713 674 1754 rerumque
713 1700 973 1741 urbanarum
1010 1698 1188 1754 mentio3
1229 1698 1386 1754 quibus
1424 1701 1699 1744 subsecutum
1737 1716 1829 1744 esse

269 1770 438 1812 videtur
469 1770 631 1811 bellum
658 1769 961 1826 Sertorianum,
991 1773 1174 1825 namque
1205 1769 1319 1811 haud
1350 1770 1614 1828 ineleganter
1641 1787 1666 1814 a
1690 1775 1828 1815 terrae

269 1844 389 1883 motu
434 1841 479 1882 in
515 1840 640 1883 Italia
683 1842 796 1883 facto
841 1841 893 1882 ad
931 1840 1127 1896 eundem,
1171 1840 1310 1896 qualis
1353 1841 1398 1883 in
1434 1842 1644 1898 Hispania
1685 1842 1828 1899 fuerit,

269 1912 442 1954 transiri
489 1911 656 1967 potuit3
706 1914 870 1953 restant
913 1911 1027 1953 bella
1069 1911 1389 1954 Macedonicum
1432 1928 1480 1956 ac
1522 1914 1827 1957 Dalmatinum.

269 1983 380 2026 Dein
419 1984 532 2026 tertio
569 1984 700 2037 capite
737 1997 788 2024 ex
821 1982 1021 2024 omnibus
1060 1983 1190 2025 rebus
1230 1998 1340 2026 anno
1374 1985 1430 2026 75
1467 1985 1600 2041 gestis
1640 1985 1828 2041 primum

268 2057 460 2097 narratas
492 2069 582 2096 esse
614 2053 843 2096 seditiones
868 2054 1053 2095 urbanas
1079 2068 1130 2095 ex
1155 2054 1399 2097 Aureliansi
1423 2058 1662 2113 fragmento
1689 2056 1827 2099 edocti

269 2140 425 2168 sumus.
471 2125 579 2167 Tum
604 2129 749 2179 quarto
774 2126 822 2167 in
845 2126 975 2179 capite
1000 2140 1048 2166 ea
1069 2125 1282 2182 collocavi,
1308 2141 1415 2182 quae
1433 2127 1516 2169 hoc
1541 2141 1651 2170 anno
1671 2127 1826 2169 summi

268 2197 449 2252 imperio
481 2196 674 2238 Romano
707 2199 827 2238 erant
857 2196 1075 2252 momenti,
1107 2196 1268 2239 scilicet
1299 2200 1421 2253 gesta
1452 2197 1556 2240 belli
1581 2197 1825 2257 Sertoriani.

267 2267 358 2309 Iam
401 2266 701 2322 relinquuntur
743 2282 795 2308 ex
838 2282 947 2309 anno
987 2268 1042 2310 75
1086 2267 1247 2309 bellum
1289 2267 1485 2311 Curionis
1526 2269 1826 2326 Dardanicum,

268 2338 371 2380 belli
407 2337 687 2380 Mithridatici
725 2338 915 2394 exordia,
959 2338 1121 2380 bellum
1158 2337 1410 2396 Isauricum,
1454 2339 1639 2395 denique
1675 2354 1743 2382 res
1780 2339 1825 2382 in

268 2409 479 2464 Hispania
510 2408 622 2450 inter
647 2408 883 2451 Sertorium
908 2409 1247 2465 Pompeiumque
1278 2413 1443 2467 gestae:
1475 2413 1519 2453 et
1549 2410 1654 2453 haec
1683 2411 1824 2464 quinto

266 2484 452 2533 sextoque
488 2480 618 2533 eapite
660 2479 864 2535 congessi.
933 2479 1014 2522 Sed
1051 2480 1149 2522 finis
1185 2480 1313 2522 huius
1350 2480 1451 2523 libri
1489 2481 1701 2536 quomodo
1739 2481 1820 2523 dis-

267 2551 434 2606 positus
465 2549 612 2606 fuerit,
644 2549 880 2591 accuratius
913 2550 1078 2592 definiri
1110 2550 1289 2606 poterit,
1321 2551 1356 2593 si
1389 2551 1544 2594 codicis
1575 2550 1823 2594 Sallustiani

268 2621 592 2677 quaternionem
623 2635 646 2662 e
671 2620 863 2675 reliquiis
887 2620 1269 2664 Aurelianensibus
1294 2622 1518 2664 restituere
1543 2622 1824 2679 tentabimus3

266 2694 357 2735 iure
389 2692 502 2734 enim
527 2690 739 2749 Hauler*)
770 2691 874 2734 folia
899 2692 994 2746 duo,
1026 2692 1183 2747 quibus
1208 2693 1427 2735 columnae
1452 2693 1600 2735 insunt
1625 2693 1823 2736 editionis

266 2763 550 2805 Haulerianae
584 2764 728 2805 7—10
759 2764 802 2804 et
835 2764 1019 2817 17—18,
1057 2778 1236 2818 quarum
1267 2763 1354 2806 illis
1385 2764 1547 2806 bellum
1577 2763 1823 2819 Isauricum,

386 2914 416 2960 ²'¹)
443 2914 683 2961 Sitzwnysber.
704 2915 737 2950 d.
765 2915 880 2950 Wien.
901 2914 1020 2950 Alcad.
1035 2915 1126 2960 phil.
1147 2917 1228 2952 hist.
1251 2915 1303 2953 Ol.
1326 2920 1417 2951 1886
1441 2928 1476 2962 p.
1499 2918 1578 2951 618.
