1976 3190
258 168 315 208 24
454 149 458 154 ’
753 165 908 202 Sallusti
931 165 1181 201 Historiam
1204 165 1269 200 nb.
1290 166 1315 201 1.

217 287 237 319 5
259 290 358 317 suae
401 274 556 329 cuique
599 273 730 330 sedes,
772 288 856 316 neu
899 273 966 316 cui
1008 273 1091 316 nisi
1134 273 1303 330 legibus
1346 273 1623 328 pareremus?
1694 272 1811 324 Quae

258 348 409 388 cuncta
446 359 617 386 scaevos
660 344 740 387 iste
776 344 986 387 Romulus
1024 344 1145 399 quasi
1189 345 1244 386 ab
1290 343 1477 386 externis
1518 346 1643 399 rapta
1679 340 1812 401 tenet,

257 431 343 458 non
363 418 428 457 tot
448 415 710 457 exercituum
737 415 853 457 clade
878 429 1017 470 neque
1043 415 1264 457 consulum
1290 417 1332 456 et
1357 414 1538 456 aliorum
1557 413 1814 472 principum,

260 502 367 541 quos
399 487 571 528 fortuna
603 485 706 527 belli
738 488 1078 540 consumpserat,
1116 478 1314 541 satiatus,
1352 485 1425 527 sed
1461 487 1554 527 tum
1590 484 1812 543 crudelior,

259 572 355 599 cum
392 556 622 611 plerosque
660 556 866 598 secundae
904 570 972 598 res
1003 556 1049 598 in
1085 556 1403 598 miserationem
1440 570 1493 597 ex
1529 555 1592 598 ira
1627 558 1811 610 vertunt.

218 642 238 671 c
260 627 370 677 Quin
398 627 514 669 solus
534 626 724 669 omnium
749 628 849 682 post
874 626 1121 668 memoriam
1146 626 1322 685 bunarii
1350 625 1574 682 (generis)
1601 625 1814 682 supplicia

259 698 303 740 in
335 701 434 753 post
465 698 633 740 futuros
665 697 918 753 composuit,
957 697 1053 752 quis
1084 697 1206 753 prius
1237 697 1392 740 iniuria
1424 713 1551 753 quam
1580 695 1670 739 vita
1699 699 1815 746 certa

259 772 382 826 esset,
414 768 751 824 pravissimeque
782 783 860 823 per
885 767 1054 811 sceleris
1079 768 1388 810 immanitatem
1414 768 1551 811 adhuc
1574 771 1696 812 tutus
1719 768 1816 826 fuit,

260 840 359 882 dum
384 855 460 882 vos
485 842 603 882 metu
628 839 837 896 gravioris
863 839 1026 881 servitii
1052 854 1076 881 a
1101 840 1332 894 repetenda
1356 839 1558 882 libertate
1583 839 1813 883 terremini.

219 923 237 954 7
375 910 604 967 Agendum
641 913 769 965 atque
807 909 979 952 obviam
1011 910 1196 952 eundum
1234 913 1316 967 est,
1353 910 1557 967 Quirites,
1592 926 1646 953 ne
1677 910 1815 966 spolia

257 984 399 1024 vestra
429 996 561 1036 penes
592 981 715 1023 illum
747 980 844 1037 sint,
874 996 961 1023 non
992 981 1292 1036 prolatandum
1322 996 1460 1037 neque
1492 981 1604 1024 votis
1627 981 1817 1037 paranda

258 1052 427 1095 auxilia.
488 1051 585 1094 Nisi
617 1052 727 1094 forte
759 1051 942 1107 speratis
973 1052 1162 1097 taedium
1186 1052 1272 1094 iam
1297 1055 1371 1094 aut
1397 1052 1604 1107 pudorem
1627 1051 1817 1108 tyranni-

259 1124 323 1166 dis
350 1123 491 1166 Sullae
523 1138 613 1165 esse
646 1126 688 1164 et
720 1138 817 1164 eum
848 1137 926 1177 per
957 1122 1094 1165 scelus
1126 1125 1333 1178 occupata
1363 1123 1644 1178 periculosius
1675 1123 1816 1166 dimis-

217 1207 238 1237 8
259 1210 416 1237 surum.
477 1193 538 1235 At
570 1193 642 1235 ille
675 1209 723 1236 eo
756 1193 979 1248 processit,
1011 1196 1059 1236 ut
1089 1193 1199 1235 nihil
1229 1194 1466 1250 gloriosum
1496 1194 1580 1236 nisi
1605 1196 1748 1236 tutum
1773 1196 1817 1236 et

217 1277 237 1308 9
260 1265 402 1307 omnia
439 1264 684 1307 retinendae
721 1264 1024 1306 dominationis
1061 1264 1242 1306 honesta
1281 1264 1489 1307 aestimet.
1555 1264 1706 1322 Itaque
1742 1265 1838 1308 illa.

261 1336 383 1391 quies
415 1338 458 1377 et
490 1334 626 1377 otium
657 1349 753 1376 cum
790 1334 1010 1391 libertate,
1050 1349 1158 1390 quae
1195 1334 1321 1376 multi
1352 1335 1479 1389 probi
1511 1335 1658 1391 potius
1689 1350 1817 1392 quam

195 1419 238 1450 10
257 1407 450 1449 laborem
488 1420 585 1448 cum
622 1405 859 1448 honoribus
896 1405 1195 1461 capessebant,
1232 1405 1350 1447 nulla
1387 1409 1505 1462 sunt3
1541 1406 1621 1450 hac
1656 1409 1819 1463 tempe-

260 1481 370 1520 state
408 1477 677 1519 serviendum
714 1479 789 1518 aut
826 1476 1176 1532 imperitandum,
1212 1476 1435 1519 habendus
1471 1479 1611 1520 metus
1648 1479 1713 1520 est
1743 1479 1818 1520 aut

198 1563 238 1593 11
259 1549 495 1605 faciendus,
528 1547 726 1598 Quirites.
785 1547 898 1590 Nam
931 1547 1030 1602 quid
1063 1547 1209 1589 ultra?
1270 1547 1437 1598 Quaeve
1474 1548 1660 1590 humana
1696 1562 1819 1604 supe-

260 1622 357 1663 rant
400 1622 474 1662 aut
518 1618 660 1661 divina
703 1618 932 1674 impolluta
975 1619 1106 1660 sunt?
1173 1618 1367 1673 Populus
1408 1619 1644 1676 Romanus,
1686 1619 1817 1675 paulo

261 1694 358 1734 ante
391 1690 586 1748 gentium
617 1690 871 1745 moderator,
903 1692 1058 1731 exutus
1088 1689 1281 1744 imperio,
1312 1690 1462 1746 gloria,
1493 1689 1596 1746 iure,
1625 1689 1818 1747 agitandi

261 1763 388 1817 inops
421 1761 734 1816 despectusque
763 1775 818 1802 ne
850 1760 1020 1803 servilia
1051 1760 1222 1816 quidem
1253 1760 1456 1803 alimenta
1485 1760 1650 1816 reliqua
1673 1760 1817 1804 habet.

198 1847 239 1878 12
261 1833 482 1876 Sociorum
519 1834 562 1874 et
592 1831 705 1873 Latii
743 1846 899 1888 magna
934 1831 999 1873 vis
1037 1831 1210 1873 civitate
1247 1846 1326 1886 pro
1364 1831 1513 1874 multis
1551 1834 1594 1874 et
1631 1831 1818 1889 egregiis
1853 1873 1860 1881 ,

261 1905 386 1946 factis
417 1920 441 1945 a
470 1903 595 1946 vobis
634 1902 732 1944 data
768 1917 846 1957 per
880 1917 1014 1944 unum
1045 1901 1331 1957 prohibentur
1367 1904 1411 1944 et
1441 1901 1583 1958 plebis
1619 1902 1818 1946 innoxiae

379 2031 639 2096 Testimon.:
672 2034 703 2066 5.
731 2030 830 2066 Serv.
858 2030 907 2065 ad
931 2030 1058 2066 Bucol.
1084 2030 1135 2064 III
1155 2033 1215 2066 13:
1248 2029 1308 2065 Sic
1335 2029 1534 2065 Sallustius
1568 2031 1715 2067 ‘saevus
1745 2030 1817 2067 iste

262 2079 573 2190 Romuillsljonat.
601 2126 650 2161 ad
669 2126 749 2161 Ter.
771 2125 884 2160 Andr.
905 2125 922 2159 Ι
941 2128 973 2170 5,
996 2128 1056 2160 19:
1084 2123 1284 2159 Sallustius
1313 2125 1515 2170 ‘agendum
1534 2124 1818 2171 atqueobviam

263 2174 436 2257 eundultn·
451 2175 569 2256 eAstiiius.
589 2233 624 2266 p.
645 2224 732 2256 480:
760 2219 833 2255 Sal.
859 2219 946 2254 hist.
969 2219 985 2253 I
1012 2218 1200 2264 ‘agitandi
1224 2218 1359 2264 inops?

258 2352 350 2386 pars
374 2340 573 2382 eaecidisset,
599 2349 643 2373 ex
667 2339 785 2374 eodem
811 2337 980 2374 Sallustii
1004 2338 1078 2372 loco
1103 2342 1314 2382 corruptam
1338 2349 1409 2374 esse
1432 2339 1571 2374 mavult
1595 2338 1707 2374 Klotz
1713 2352 1727 2382 ;
1755 2349 1818 2384 eyo

263 2388 441 2433 equidem,
472 2398 553 2422 eum
582 2387 690 2421 verba
718 2397 740 2419 a
765 2385 906 2429 Pyrrho
932 2383 1145 2419 Hannibale
1171 2396 1331 2429 aequore
1362 2386 1401 2420 et
1430 2386 1531 2420 terra
1561 2386 1735 2430 optimam
1757 2397 1817 2421 ex-

262 2436 381 2470 hibere
404 2434 617 2470 sententiam
641 2434 730 2467 mihi
753 2433 958 2476 videantur,
984 2433 1034 2467 ad
1056 2436 1220 2467 nostrum
1245 2433 1360 2468 locum
1379 2433 1530 2478 plena-m
1554 2432 1699 2468 Donati
1721 2433 1816 2468 testi-

263 2483 425 2518 moniam
454 2482 579 2525 refer0.
636 2479 706 2515 Sed
735 2485 858 2515 utrum
889 2480 1038 2514 Donato
1075 2491 1127 2514 an
1159 2480 1218 2514 illi
1251 2481 1315 2525 qui
1344 2480 1550 2516 orationwm
1579 2480 1819 2516 collectionem

263 2530 376 2565 edidit
400 2528 636 2575 grammatico
659 2528 784 2563 melior
803 2531 948 2572 praesto
972 2527 1085 2570 fuerit
1109 2528 1292 2570 memoria,
1316 2538 1403 2563 sane
1426 2527 1613 2563 nescimus.

382 2579 414 2611 5.
442 2575 609 2621 scaevos]
636 2585 788 2609 scaevus
822 2575 862 2617 V,
889 2584 1020 2609 saevus
1045 2575 1146 2609 codd.
1173 2573 1299 2610 Servii.

383 2628 413 2659 6.
441 2622 603 2668 generis]
628 2623 747 2667 suppl.
778 2621 906 2665 Orelli,
936 2620 1128 2656 hominum
1153 2622 1245 2657 coni.
1270 2620 1400 2657 Aldus.
1432 2641 1476 2646 —
1507 2620 1816 2668 pravissimeque]

263 2670 558 2716 parvissimeque
583 2671 625 2705 in
656 2670 691 2705 V
710 2673 832 2705 extare
857 2670 1095 2705 adnotaverat
1119 2668 1263 2705 Jordan
1286 2669 1329 2704 in
1352 2668 1550 2721 exemplari
1573 2679 1648 2704 suo.

385 2722 414 2753 7.
440 2728 554 2763 penes
579 2716 701 2763 illum]
733 2715 818 2751 illos
852 2716 892 2759 V,
922 2726 1011 2751 corr.
1044 2716 1146 2751 Corte
1188 2737 1235 2741 ——
1264 2714 1524 2762 periculosms]
1554 2714 1720 2760 periculo
1752 2726 1818 2750 suo

265 2766 356 2800 coni.
385 2765 528 2800 Seho'ne.

386 2817 415 2848 8.
443 2811 516 2846 nisi
541 2811 679 2857 tutum]
705 2812 846 2845 metum
867 2811 959 2846 coni.
986 2810 1167 2854 Weidner,
1192 2811 1317 2845 tutum
1341 2810 1470 2845 collato
1496 2810 1610 2856 Veyet.
1629 2810 1681 2844 II
1693 2808 1817 2853 115,·5

266 2861 343 2895 iim-e
369 2861 530 2903 defendit
553 2859 685 2905 Jdrqes
703 2859 725 2893 l.
747 2859 770 2894 l.
792 2870 830 2903 Ρ.
851 2861 885 2893 6.
911 2878 957 2883 —
982 2857 1170 2904 aestimet]
1204 2858 1244 2901 V,
1269 2856 1468 2892 existumet
1491 2858 1582 2893 coni.
1611 2856 1723 2893 Corte.

386 2910 439 2941 11.
467 2905 623 2952 imperio
648 2905 785 2953 gloria]
811 2904 958 2950 imperii
983 2904 1105 2950 gloria
1131 2906 1221 2941 coni.
1242 2904 1453 2940 Mommsen.

1966 1439 1976 1503 -12-
1968 1374 1976 1429 .....:
1967 1319 1976 1363 ,ω
1953 1150 1976 1310 ἰς-μ-Ᾰιιι
1959 1135 1966 1139 ⁴
