1916 3178
844 177 896 181 -
963 153 1017 194 14
1081 178 1132 182 ,-

211 257 397 298 tumultu
435 256 733 312 fugitivorum,
771 256 883 298 bello
914 257 1205 300 Mithridatico
1243 258 1390 313 tertio,
1427 258 1576 300 deinde
1609 258 1659 300 de
1690 258 1766 301 mi-

209 328 385 369 noribus
411 327 664 382 quibusdam
689 327 816 395 re'bus
842 327 1065 383 disputem,
1092 329 1215 370 bellis
1240 328 1442 383 piraticis,
1471 328 1767 384 Macedonicis,

211 397 414 451 Cretensi,
445 400 661 451 postremo
692 412 760 439 res
792 398 975 440 urbanas
1008 399 1193 440 breviter
1223 399 1384 441 addam.

854 613 1122 674 CaputII

736 723 799 758 De
831 723 1049 759 seditione
1081 723 1239 769 Lepidi

324 808 410 850 Res
441 809 563 850 annis
597 810 767 852 78—77
808 810 853 851 in
883 809 1007 852 Italia
1038 814 1182 867 gestas
1219 811 1378 866 optime
1410 811 1495 852 iam
1525 811 1765 855 Mommsen

207 879 431 934 praecipue
470 878 599 921 Grani
635 880 845 922 Liciniani
883 881 1075 936 reliquiis
1112 897 1213 923 usus
1251 882 1485 924 constituit.
1553 882 1765 938 Equidem

206 949 439 991 addiderim
471 949 632 992 Sullam
668 954 885 993 mortuum
922 967 1013 993 esse
1050 955 1216 1007 postea,
1253 968 1380 1007 quam
1411 952 1578 996 Servilii
1616 956 1764 997 contra

205 1021 439 1075 praedones
470 1021 682 1076 expeditio
715 1022 822 1063 inita
859 1026 924 1064 est
961 1022 1031 1080 (cf.
1059 1022 1171 1065 Suet.
1199 1023 1314 1065 Caes.
1342 1022 1406 1079 3);
1436 1023 1592 1066 Martio
1629 1024 1764 1081 igitur

209 1091 296 1132 fere
341 1091 476 1133 mensi
521 1092 771 1134 dictatorem
815 1093 1050 1148 exspirasse
1088 1094 1347 1136 crediderim.
1409 1094 1490 1144 Qui
1524 1097 1764 1150 sequuntur

205 1162 417 1204 tumultus
455 1165 497 1203 et
535 1163 720 1204 urbanos
764 1166 806 1204 et
843 1163 1048 1206 Etruscos
1092 1164 1230 1206 media
1267 1164 1352 1206 iam
1390 1167 1550 1207 aestate
1593 1165 1762 1208 sedatos

205 1247 297 1274 esse
329 1233 539 1288 existimo,
571 1234 771 1288 quoniam
802 1249 884 1289 pax
922 1234 1032 1276 inter
1063 1235 1258 1277 consules
1289 1235 1401 1277 facta
1439 1238 1504 1277 est
1534 1238 1763 1291 antequam

204 1302 422 1359 comitia¹)
460 1307 609 1358 coepta
647 1307 756 1346 sunt.
818 1305 1025 1360 Lepidum
1057 1309 1199 1347 autem
1231 1321 1327 1348 cum
1357 1306 1638 1348 Etruscorum
1668 1321 1761 1362 pro-

205 1373 542 1429 scriptorumque
574 1378 789 1430 praeesset
821 1376 1012 1430 catervis,
1045 1376 1195 1418 Catulo
1227 1377 1392 1433 collega
1422 1376 1592 1431 repulso
1624 1377 1762 1432 ipsam

203 1444 383 1486 Romam
414 1445 456 1486 vi
488 1461 739 1502 aggressum
777 1461 867 1488 esse
908 1462 960 1488 ex
990 1447 1280 1502 Exuperantio
1313 1445 1644 1504 Sallustioque2)
1674 1447 1762 1491 effi-

204 1515 325 1557 citur.
379 1515 557 1558 Ineunte
589 1531 700 1558 anno
728 1519 780 1560 77
813 1517 999 1572 Lepidus
1024 1518 1224 1573 Philippo
1251 1518 1485 1573 Catuloque
1516 1515 1762 1560 auctoribus

203 1586 340 1628 hostis
371 1586 581 1629 iudicatus
619 1588 756 1629 denuo
794 1588 846 1629 ad
884 1589 1033 1630 urbem
1064 1589 1257 1644 accessit,
1290 1589 1363 1630 sed
1399 1588 1583 1643 impetus
1614 1589 1706 1631 eius
1735 1603 1761 1630 a

206 1655 356 1698 Catulo
396 1658 591 1712 repulsus
635 1661 709 1699 est.
776 1657 942 1700 Interea
978 1659 1207 1713 Pompeius
1245 1659 1290 1700 in
1327 1658 1464 1701 Gallia
1500 1659 1759 1716 Liguriaque

204 1728 413 1769 exercitus
438 1729 707 1783 popularium
728 1729 891 1770 devicit.
936 1729 1157 1770 Drumann
1166 1728 1201 1785 3)
1227 1744 1326 1771 vero
1346 1730 1419 1784 qui
1438 1728 1600 1786 Flori‘1)
1618 1730 1760 1773 verbis

204 1799 403 1854 deceptus
428 1799 678 1854 Pompeium
698 1800 847 1855 fugato
874 1800 1042 1841 demum
1061 1800 1221 1854 Lepido
1247 1799 1292 1841 in
1312 1800 1572 1855 superiorem
1591 1799 1760 1842 Italiam

322 1941 357 1984 1)
385 1939 436 1975 Cf.
464 1942 557 1984 App.
585 1940 619 1975 b.
646 1951 676 1975 c.
697 1940 713 1973 Ι
735 1944 819 1975 107:
857 1936 917 1974 ἐπὶ
943 1939 988 1974 τὰ
1020 1940 1237 1986 ἀρχαιρέσια
1271 1941 1314 1975 οὐ
1345 1939 1492 1986 κατῄει,
1523 1940 1547 1976 i.
1574 1951 1606 1975 e.
1636 1938 1758 1975 mensi

202 1997 362 2040 Quintili
392 1999 453 2033 vel
479 1998 611 2033 Sextili
643 1999 688 2034 cf.
709 1999 916 2034 Mommsen
947 2002 1065 2044 „r'om.
1088 1998 1350 2034 Staatsrecht“
1370 1999 1386 2032 I
1410 2011 1446 2043 p.
1467 2002 1534 2034 563
1547 1999 1571 2043 Β,
1596 2010 1632 2043 p.
1653 2002 1722 2034 580
1733 1999 1757 2034 ³.

321 2059 357 2103 2)
383 2057 436 2094 Cf.
451 2058 567 2102 Exup.
582 2070 617 2102 p.
633 2062 665 2103 3,
681 2061 726 2093 26
742 2057 947 2104 (Bursian):
974 2058 1062 2092 ‘Sed
1073 2058 1112 2092 in
1126 2058 1297 2093 Etruriae
1316 2057 1426 2092 litore
1441 2057 1638 2092 commisso
1651 2069 1756 2103 proe-

200 2116 251 2150 lio
273 2118 448 2162 coeperat
474 2117 636 2162 Lepidus
662 2128 741 2152 esse
769 2117 937 2162 superior
961 2128 1027 2162 per
1046 2119 1227 2152 armatam
1247 2116 1528 2152 multitudinem
1552 2127 1648 2161 quae
1668 2115 1754 2152 odio

201 2187 323 2211 rerum
351 2176 587 2211 Sullanarum
620 2188 658 2211 se
684 2177 817 2221 Lepidi
848 2176 1019 2221 partibus
1052 2177 1290 2222 applicarat.’
1344 2176 1432 2212 Sall.
1463 2175 1551 2212 hist.
1583 2186 1635 2211 or.
1659 2175 1755 2211 Phil.

200 2240 220 2278 ξ
243 2239 303 2270 10:
338 2235 416 2270 ‘An
443 2235 670 2279 expectatis,
703 2235 791 2269 dum
824 2235 989 2270 exercitu
1014 2247 1140 2270 rursus
1167 2235 1319 2270 admoto
1345 2235 1441 2274 ferro
1467 2237 1581 2280 atque
1605 2234 1757 2270 flamma

201 2295 332 2329 urbem
369 2294 552 2329 invadat.‘
609 2294 777 2339 Philippi
810 2295 924 2329 verba
961 2294 1056 2329 falso
1093 2294 1286 2329 Drumann
1323 2295 1386 2340 (IV
1418 2307 1452 2340 p.
1475 2298 1543 2330 343
1570 2294 1670 2340 adn.)
1707 2293 1757 2329 ad

200 2353 382 2398 impetum
415 2352 504 2388 anni
532 2357 573 2388 77
607 2352 717 2387 initio
750 2353 892 2388 factum
917 2353 1099 2397 nobisque
1130 2352 1301 2398 ignotum
1336 2353 1459 2389 refert.
1510 2351 1757 2398 Exuperantii

201 2412 438 2447 enuntiatum
471 2424 517 2448 ne
550 2413 597 2447 ad
622 2424 788 2458 pugnam
813 2413 861 2447 ad
887 2412 1019 2447 Cosam
1051 2412 1190 2447 factam
1221 2412 1358 2447 referas
1390 2410 1600 2457 prohiberis
1630 2410 1754 2447 verbis

203 2472 399 2516 ‘coeperat
423 2471 585 2516 Lepidus
611 2482 691 2506 esse
719 2471 921 2516 superior',
954 2482 1048 2516 quae
1075 2470 1228 2506 minime
1254 2471 1442 2515 quadrant
1466 2465 1515 2505 ad
1542 2469 1752 2515 ‘fugientes

201 2530 280 2564 eius
307 2530 434 2575 copias
460 2541 502 2565 ac
529 2542 567 2565 se
593 2530 831 2575 implicantes
851 2531 1091 2565 festinatione
1111 2530 1354 2566 formidinis’.
1400 2528 1546 2564 Similia
1566 2529 1611 2564 de
1631 2529 1754 2574 priore

200 2589 332 2634 Lepidi
358 2589 501 2634 impetu
525 2601 726 2635 pugnaque
753 2589 866 2624 etiam
893 2589 992 2634 apud
1019 2588 1197 2624 Granium
1223 2589 1458 2624 Licinianum
1488 2591 1537 2633 (p.
1558 2592 1604 2624 44
1618 2589 1661 2623 A.
1694 2587 1750 2624 ed.

200 2648 330 2693 Bonn.)
358 2649 504 2683 exstare
530 2647 714 2683 videntur.

319 2708 355 2751 3)
383 2707 434 2742 IV
458 2719 494 2752 p.
515 2711 595 2751 345,
622 2718 731 2751 quem
756 2707 953 2741 Neumann
979 2707 1011 2740 II
1036 2719 1071 2751 p.
1093 2711 1138 2742 23
1165 2706 1269 2751 sequi
1293 2717 1368 2741 non
1392 2705 1566 2741 debebat.

318 2768 355 2811 4)
380 2766 413 2800 II
436 2770 476 2801 11
499 2765 655 2811 (Halm):
696 2765 791 2800 ‘Sed
816 2765 891 2800 iam
918 2765 1097 2801 Mulvium
1128 2768 1281 2810 pontem
1306 2765 1512 2809 collemque
1543 2761 1749 2800 Ianiculum

201 2825 372 2860 Lutatius
400 2824 554 2859 Catulus
581 2824 779 2869 Gneusque
804 2823 1002 2868 Pompeius
1030 2845 1072 2849 —
1114 2846 1145 2849 —
1170 2845 1213 2850 —
1241 2823 1315 2859 alio
1341 2823 1505 2859 exercitu
1529 2823 1750 2868 insiderant,

201 2895 223 2918 a
248 2883 382 2928 quibus
408 2883 528 2928 primo
556 2884 684 2918 statim
710 2883 852 2928 impetu
876 2885 974 2918 retro
999 2883 1149 2927 pulsus'
1178 2885 1247 2919 etc.
