1976 3190
223 980 279 1021 26

214 2119 267 2160 27

302 159 357 202 10

795 157 950 194 Sallusti
973 157 1223 194 Historiarum
1247 158 1311 195 lib.
1332 159 1358 195 I.

298 268 505 324 appulsus
550 267 612 309 ibi
657 265 831 324 (Exup.
857 266 884 309 l.
910 265 957 324 l.)
1001 267 1253 324 ‘naufragus
1295 269 1426 322 atque
1471 281 1631 324 egenus
1673 268 1850 313 erravit’

221 340 277 382 24
298 339 372 397 (ir.
400 337 493 395 24);
526 338 622 380 dein
648 338 979 393 comprehensus
1004 354 1028 380 a
1053 338 1421 380 Minturnensibus
1451 338 1495 380 in
1520 353 1730 383 carcerem
1756 354 1851 384 con—

297 410 432 452 iectus
453 409 572 452 brevi
598 412 742 452 tamen
759 409 968 452 liberatus
993 413 1058 452 est
1081 412 1124 452 et
1149 409 1508 465 persequentibus
1533 409 1674 453 Sullae
1699 410 1852 467 equiti-

297 482 378 522 bus
421 495 556 535 prope
598 494 737 522 oasam
781 481 991 536 quandam
1035 479 1183 522 latuit
1223 479 1397 538 (schol.
1431 479 1641 524 Gronov.
1666 481 1694 525 l.
1718 479 1849 539 L)in

220 554 275 594 25
296 551 665 594 Minturnensibus
703 551 951 608 paludibus,
989 550 1086 593 inde
1123 554 1294 607 reperta
1330 551 1394 593 illi
1425 551 1546 594 navis
1577 555 1643 595 est
1672 551 1750 611 (fr.
1774 552 1852 612 25)

298 624 340 664 et
371 621 485 678 fugit
517 621 570 663 ad
600 620 817 664 Africam?

353 693 591 748 Exuper:
624 692 753 735 Dum
778 693 882 735 haec
908 708 1037 750 agun-

296 768 376 820 tur,
401 764 537 807 Cinna
556 767 594 806 et
616 763 806 807 Octavius
821 765 926 818 facti
943 769 1041 807 sunt

294 836 484 888 consules,
499 850 681 891 quorum
696 835 830 877 Cinna
844 836 894 878 de
907 836 1037 891 parti-

296 908 377 950 bus
408 906 610 949 Marianis
642 906 735 948 fuit.

353 1049 436 1091 Hie
449 1049 588 1106 legem
605 1049 719 1105 tulit,
738 1052 786 1091 ut
801 1049 902 1092 novi
916 1049 1039 1106 cives,

295 1120 368 1176 qui
412 1120 557 1175 aliqua
598 1120 763 1162 ratione
803 1120 1040 1164 Romanam

294 1194 545 1246 acceperant
565 1191 793 1248 civitatem,
813 1207 909 1235 oum
928 1197 1039 1235 vete-

293 1262 413 1304 ribus
450 1263 569 1304 nulla
606 1263 859 1306 discretione
894 1264 1039 1306 suffra-

293 1333 412 1390 gium
441 1333 612 1376 ferrent.
752 1334 818 1377 Ob
850 1335 932 1378 hoo
963 1335 1039 1377 ita—

295 1419 378 1459 que
393 1404 594 1448 Octavius
612 1406 777 1463 collega
791 1409 1040 1464 commotus,

292 1478 340 1517 ut
366 1476 649 1519 seditionibus
675 1478 929 1535 privaretur,
960 1479 1040 1521 ool-

291 1547 432 1603 legam
465 1563 589 1590 suum
616 1548 796 1592 Cinnam
823 1551 1041 1593 adnitenti-

293 1619 366 1661 bus
389 1620 587 1662 veteribus
612 1620 766 1663 civibus
794 1621 839 1663 in
865 1621 1042 1664 exilium

292 1690 411 1732 misit
466 1691 651 1733 munitus
707 1693 834 1746 copiis
888 1691 1039 1735 Sullae.

293 1760 408 1812 Quae
435 1777 531 1804 oum
557 1765 798 1820 agerentur,
829 1763 1040 1806 maximus

1169 692 1331 736 Sohol.
1353 692 1582 737 Gronov.:
1606 693 1854 750 ‘fecitSulla

1110 766 1210 807 duos
1240 765 1431 817 consule&
1466 764 1646 808 Cinnam
1673 769 1712 809 et
1738 765 1852 810 Octa-

1109 837 1232 888 vium,
1258 836 1349 879 iure
1375 836 1553 880 iurando
1573 836 1743 880 astrixit
1767 851 1853 894 eos,

1109 909 1158 948 ut
1191 907 1334 950 nullus
1371 910 1519 951 eontra
1555 911 1649 952 acta
1679 907 1854 952 Sullana

1112 978 1270 1020 faceret
1302 977 1377 1036 (fr.
1403 978 1492 1036 26),
1523 979 1728 1022 discessit.

1171 1048 1326 1105 Coepit
1366 1049 1499 1093 Cinna
1541 1050 1592 1093 de
1634 1050 1854 1094 libertino-

1111 1136 1207 1163 rum
1232 1121 1446 1177 suffragiis
1468 1137 1605 1180 agere,
1631 1121 1855 1165 Octavium

1112 1207 1208 1234 oum
1246 1196 1395 1236 senatu
1433 1196 1580 1236 contra
1610 1193 1753 1249 ipsum
1782 1193 1853 1236 ha-

1111 1263 1218 1306 buit.

293 1847 345 1874 ex
395 1832 588 1889 utrisque
637 1834 836 1889 partibus
884 1833 1041 1876 civium
1108 1887 1115 1898 ι

290 1919 493 1946 numerus
524 1904 810 1961 interemptus
842 1907 917 1947 est.

349 1976 563 2030 Expulsus
599 1977 727 2031 iyilur
767 1976 905 2020 Cinna
941 1991 1036 2018 eum

292 2050 530 2103 vagaretur,
556 2048 608 2090 ad
627 2047 829 2106 Africam,
854 2047 930 2090 ubi
950 2046 1035 2089 Ma-

290 2117 379 2159 rius
404 2117 530 2173 inops
557 2122 658 2175 erat,
689 2119 799 2162 forte
825 2119 1036 2175 pervenit3

290 2191 418 2244 atque
438 2189 501 2231 ibi
521 2190 831 2233 communicato
858 2190 1034 2232 oonsilio

291 2260 532 2302 sollicitabis
546 2261 698 2303 animis
712 2261 979 2317 perditorum
993 2264 1036 2304 et

291 2331 341 2372 de
372 2332 589 2386 erqastulis
619 2334 745 2375 erutis
772 2334 900 2376 servis
929 2347 1036 2376 emer-

290 2403 414 2444 citum
430 2404 686 2457 confecerunt
702 2406 744 2445 et
761 2407 924 2446 armata
937 2403 1037 2446 vali-
1076 2405 1094 2425 *

291 2473 464 2516 dissima
489 2489 617 2516 manu
637 2474 871 2517 iuventutis
897 2477 954 2517 ad
970 2490 1036 2517 ur-

290 2545 377 2586 bem
412 2549 609 2588 venerunt
647 2548 775 2601 atque
813 2545 1037 2588 Octavium

291 2614 432 2659 Sullae
452 2617 666 2659 satellitem
692 2619 941 2672 superatum
966 2631 1036 2658 ne-

292 2687 521 2729 caverunt?

1146 1975 1330 2031 Expulit
1339 1976 1489 2032 (eum)
1498 1974 1853 2034 Octavius‚02·nna
1916 2007 1926 2019 .

1108 2047 1298 2102 expulsus
1318 2046 1509 2102 eorrupit
1530 2046 1700 2103 milites,
1716 2049 1852 2102 pretio

1108 2119 1264 2174 colleyit
1285 2119 1503 2161 exercitum
1522 2117 1596 2175 (fr.
1617 2119 1707 2176 27),
1733 2118 1851 2162 misit

1109 2189 1162 2231 ad
1179 2189 1363 2232 Marium
1382 2189 1428 2232 in
1445 2188 1607 2245 Africa,
1631 2190 1854 2245 composuit

1109 2261 1282 2315 leyiones
1311 2261 1454 2304 solutis
1479 2261 1696 2317 eryastulis
1725 2265 1764 2304 et
1790 2275 1850 2304 ve-

1108 2330 1197 2374 m't?
1248 2336 1250 2338 ’

411 2758 568 2801 Contra
605 2758 789 2801 Marium
833 2760 876 2800 et
917 2757 1095 2800 Cinnam
1138 2758 1337 2800 Metellus
1379 2757 1424 2799 in
1467 2756 1639 2800 Samnio
1683 2758 1849 2801 bellans

215 2830 270 2872 28
291 2829 450 2871 auxilio
471 2833 645 2872 vocatus
666 2829 741 2887 (fr.
762 2828 838 2887 28)
857 2831 1001 2871 tamen
1020 2844 1106 2872 non
1126 2829 1327 2871 subvenit
1347 2827 1417 2886 (of.
1437 2827 1578 2871 Dion.
1598 2829 1655 2871 fr.
1677 2830 1773 2883 100,
1789 2827 1846 2886 7).

293 2899 426 2943 ‘Tunc
458 2901 573 2943 varia
599 2899 728 2959 (Exu
736 2917 777 2958 p.
798 2917 839 2957 p.
863 2899 909 2959 3)
936 2900 1162 2943 crudelitas
1194 2902 1426 2958 pervagata
1457 2902 1532 2956 est,
1564 2903 1613 2943 ut
1642 2899 1848 2949 nobilitas
