1976 3190
306 200 388 240 148
779 200 935 236 Sallusti
959 201 1209 250 Historiarum
1233 202 1298 239 lib.
1319 203 1380 239 111.
1394 197 1407 240 ’.

301 323 428 359 neque
461 309 619 349 omnino
651 310 692 348 in
723 311 842 350 tertio
873 311 974 352 libro
1006 313 1135 353 denuo
1173 314 1219 352 de
1250 314 1481 353 Mithridate
1519 314 1789 356 disserendum
1819 317 1857 357 ei

301 369 440 419 fuisse,
481 371 620 407 contra
657 370 707 408 ad
745 370 983 420 Spartacum
1018 373 1216 423 verbaque
1254 373 1459 412 Plutarchi
1496 386 1616 424 supra
1653 375 1859 426 proposita

300 428 448 477 optime
480 428 678 477 pertinere
709 429 980 481 fragmentum
1010 431 1180 471 videtur.

417 541 527 586 92²³.
588 542 828 586 Radicem
859 546 1048 588 montis
1079 547 1309 607 accessit.

416 646 521 692 App.
574 647 661 692 (Ino.
682 652 728 683 40
741 649 790 694 D,
823 650 907 694 6K,
939 654 983 685 49
999 649 1055 695 G.)
1088 672 1131 677 —
1164 651 1284 686 Schol.
1318 651 1366 686 ad
1398 651 1491 687 Stat.
1524 651 1638 689 Theb.
1671 653 1723 689 ΠΙ
1743 658 1820 692 116.
1846 654 1859 699 i!

298 693 471 741 accessit]
493 695 652 730 excessit
665 708 706 741 p,
725 699 843 743 vulyo,
866 698 1024 732 accessit
1047 710 1092 734 ea:
1111 699 1160 733 Μ
1176 703 1208 734 et
1228 699 1268 733 F
1282 700 1357 734 iam
1377 699 1545 744 Wo'lfsli‘n
1565 701 1697 737 Philol.
1718 701 1864 739 XXIV

293 752 331 786 p.
353 743 425 776 157
446 748 695 787 proposuerat.

416 817 445 856 C
454 831 582 857 omm.
646 818 746 858 Cum
778 819 915 860 Clodio
948 821 999 859 ad
1032 821 1194 861 Vesuvii
1233 823 1477 862 obsidionem
1514 823 1722 864 accedente
1759 825 1858 865 bene

297 877 393 915 haec
425 878 633 917 convenire
664 879 763 916 mihi
793 879 990 918 videntur.

412 990 522 1036 93³⁶.
584 990 671 1034 Sin
713 992 790 1034 vis
833 994 1076 1049 obsistat,
1119 995 1255 1038 ferro
1293 1011 1439 1051 quam
1475 997 1605 1039 fame
1645 998 1856 1054 aequius
1932 1014 1934 1016 ·

296 1062 568 1116 perituros.

295 1214 346 1249 ΠΙ
366 1167 518 1249 26glpp.
564 1168 650 1213 (Inc.
673 1173 714 1203 21
730 1169 773 1214 D,
800 1170 851 1204 III
870 1174 909 1204 67
928 1170 972 1215 K,
998 1170 1068 1206 inc.
1090 1175 1135 1205 42
1150 1171 1192 1216 G,
1218 1172 1252 1206 ΙΙ
1270 1184 1304 1216 p.
1326 1176 1394 1207 416
1409 1173 1484 1219 Br.)
1506 1194 1550 1199 —
1571 1173 1670 1210 Serv.
1694 1174 1744 1209 ad
1762 1174 1853 1211 Aen.

413 1284 580 1324 Comm.
644 1286 826 1336 Spartaci
858 1300 940 1326 esse
972 1289 1074 1327 hanc
1106 1290 1344 1328 sententiam
1368 1290 1410 1327 in
1434 1290 1609 1330 Vesuvio
1635 1291 1782 1330 obsessi
1813 1293 1854 1331 et

295 1344 344 1382 ad
376 1344 568 1383 furtivam
594 1347 845 1395 eruptionem
875 1347 1068 1398 fugitivos
1101 1349 1350 1387 adhortantis
1383 1352 1497 1388 acute
1525 1350 1637 1388 Kritz
1667 1351 1854 1402 coniecit3

294 1403 440 1441 etenim
472 1417 491 1442 e
523 1405 652 1443 verbis
684 1407 747 1443 sin
777 1408 836 1444 vis
867 1408 1024 1445 obsistat
1061 1408 1150 1446 iure·
1179 1408 1313 1447 elicias
1352 1409 1607 1448 antecessisse
1646 1409 1854 1459 quaedam,

294 1462 439 1511 quibus
471 1463 553 1502 doli
584 1464 755 1503 alicuius
787 1465 953 1504 consilia
984 1467 1292 1505 continerentur.

410 1576 519 1622 94³2.
583 1577 849 1622 Cossinius
881 1580 931 1622 in
968 1581 1200 1636 proxima
1237 1582 1364 1623 villa
1395 1582 1538 1624 fonte
1569 1582 1852 1626 lavabatur.

409 1694 513 1739 App.
560 1695 624 1740 (ΙΙΙ
644 1699 688 1733 65
701 1696 745 1740 D,
768 1700 810 1731 75
825 1697 869 1741 Κ,
891 1696 932 1741 Gr,
953 1697 986 1731 II
1004 1709 1039 1742 p.
1063 1701 1129 1732 153
1143 1698 1218 1744 ΒΓ.)
1238 1720 1282 1724 —-
1303 1698 1503 1733 Cledom'us
1523 1699 1570 1744 (V
1587 1711 1622 1744 p.
1644 1701 1713 1746 59).
1733 1701 1746 1745 ΙΙ
1764 1699 1850 1736 Cos-

291 1740 423 1788 sinius]
451 1742 642 1777 Cossutius
669 1743 716 1787 B,
742 1755 831 1779 corr.
855 1745 973 1780 Kritz.
1001 1766 1045 1771 —
1071 1745 1191 1792 fonte]
1218 1745 1315 1781 forte
1340 1747 1432 1781 coni.
1453 1747 1613 1782 Dietsch.

409 1818 574 1857 Comm.
637 1819 799 1869 Spectat
823 1821 1092 1872 fragmentum
1117 1822 1168 1860 ad
1193 1822 1399 1861 Plutarchi
1429 1823 1566 1862 verba:
1591 1823 1850 1863 Κοσσίνιον

290 1907 298 1914 .
349 1909 355 1915 .
379 1908 385 1915 .
412 1876 647 1930 ἐπιτηρήσας
687 1876 707 1916 ὅ
745 1879 978 1932 Σπάρτακος
1022 1880 1283 1932 λουόμενον
1323 1880 1428 1934 περὶ
1466 1881 1671 1929 Σαλίνας
1708 1882 1847 1936 μικρὸν

289 1934 421 1986 ἐδέησε
452 1937 710 1989 συναρπάσαι.

406 2051 484 2095 95.
544 2051 615 2094 Ac
645 2055 750 2094 tum
781 2053 1012 2108 maxime,
1043 2054 1119 2096 uti
1152 2055 1285 2097 solet
1316 2055 1368 2096 in
1399 2055 1646 2098 extremis
1676 2057 1848 2115 rebus,

289 2122 390 2164 sibi
441 2123 655 2178 quisque
705 2123 1029 2166 carissimum
1078 2125 1210 2166 domi
1263 2126 1521 2168 recordari
1571 2127 1846 2183 cunctique

287 2193 506 2235 omnium
538 2193 770 2236 ordinum
801 2195 1027 2249 (munia)
1059 2198 1286 2238 extrema
1317 2196 1472 2252 sequi.

404 2309 509 2354 App.
562 2310 627 2355 (ΠΙ
648 2314 690 2344 73
705 2310 754 2354 D,
788 2314 831 2345 89
846 2311 895 2355 K,
928 2315 974 2346 54
988 2311 1035 2356 Gr,
1067 2312 1102 2346 II
1125 2324 1160 2357 p.
1186 2316 1250 2347 103
1263 2312 1338 2358 Br.)
1370 2334 1414 2339 —
1445 2313 1589 2349 Noniun
1614 2314 1649 2349 Π
1671 2326 1707 2360 p.
1730 2318 1808 2351 137.
1833 2315 1845 2363 Η

286 2356 489 2403 recordari]
514 2357 708 2392 recordavi
734 2358 870 2393 LHG.
892 2380 935 2384 —-
955 2359 1099 2406 munia]
1126 2371 1142 2394 e
1165 2360 1285 2395 Nonii
1309 2361 1469 2396 lemmate
1492 2363 1609 2407 suppl.
1630 2362 1778 2399 Junius.
1798 2384 1843 2389 —

286 2405 467 2488 extrIerrga]
494 2406 642 2439 strenue
668 2406 759 2440 coni.
787 2406 831 2440 L.
853 2406 1001 2442 Μᾱῑῑεν.
1023 2428 1067 2432 -
1088 2406 1209 2454 sequi]
1236 2407 1389 2452 exsequi
1413 2409 1505 2444 coni.
1526 2408 1686 2454 Dietsch,
1710 2411 1774 2446 sed
1797 2411 1842 2455 cf.

285 2453 332 2495 fr.
436 2481 442 2487 .

405 2522 571 2561 Comm.
632 2522 691 2560 De
724 2535 879 2561 summa
916 2524 1109 2563 exercitus
1145 2519 1315 2578 (scilicet
1344 2520 1533 2579 Romani)
1570 2525 1843 2577 desperatione

286 2581 352 2632 agi
384 2583 535 2620 certum
566 2583 636 2632 est,
669 2581 790 2619 simili
821 2583 868 2633 ei,
902 2596 1022 2633 quam
1048 2583 1208 2622 Caesari
1237 2586 1374 2623 contra
1398 2584 1646 2624 Ariovistum
1676 2585 1843 2626 bellanti

284 2641 325 2678 in
357 2640 532 2679 exercitu
562 2643 739 2680 coortam
770 2654 852 2680 esse
879 2642 1035 2681 scimus.
1052 2631 1065 2654 ”
1099 2643 1175 2681 Sed
1205 2644 1286 2682 tale
1312 2644 1409 2694 quid
1433 2643 1620 2683 accidisse
1650 2657 1731 2684 non
1760 2658 1842 2684 cer-

283 2700 404 2738 tiores
433 2700 530 2738 facti
562 2712 708 2751 sumus,
737 2700 814 2738 nisi
846 2702 952 2750 quod
983 2702 1024 2739 in
1049 2702 1266 2741 Variniano
1298 2702 1472 2741 exercitu
1503 2703 1697 2743 eiusmodi
1721 2717 1841 2755 quae-

284 2759 375 2797 dam
406 2759 528 2798 fuisse
559 2759 760 2810 videntur,
792 2773 963 2809 namque
990 2761 1190 2811 sequentis
1215 2762 1429 2814 fragmenti
1459 2762 1575 2802 initio
1605 2775 1685 2802 non
1710 2763 1840 2802 solum

211 2861 214 2865 .
282 2817 380 2869 fuga
404 2818 579 2856 militum
604 2820 944 2870 commemoratur,
970 2821 1037 2858 sed
1062 2820 1184 2859 etiam
1210 2833 1286 2872 eos,
1319 2821 1389 2871 qui
1412 2821 1612 2874 fugerant,
1643 2821 1695 2860 ad
1725 2822 1839 2874 signa

281 2877 407 2916 redire
439 2878 630 2929 noluisse,
667 2878 841 2928 reliquos
871 2878 1059 2917 militiam
1090 2880 1328 2919 detrectasse
1358 2881 1546 2932 refertur3
1585 2892 1707 2930 quare
1737 2881 1839 2921 hanc

283 2935 333 2974 ad
363 2950 446 2975 rem
477 2937 677 2986 pertineat
706 2937 875 2976 forsitan
906 2937 1185 2989 fragmentum.
