1976 3190
269 194 326 235 26
765 195 919 231 Sallusti
943 196 1192 233 Historiarum
1217 198 1282 234 lib.
1303 199 1329 234 1.

271 302 344 357 sit3
376 317 558 356 quorum
584 301 746 344 Sullam
770 317 857 345 non
881 304 1087 364 poenitet,
1117 308 1167 348 ut
1192 308 1235 348 et
1260 306 1373 348 facta
1396 306 1442 348 in
1467 306 1605 363 gloria
1628 311 1825 353 numeret

271 375 325 428 et,
357 372 392 414 si
423 372 561 429 liceat,
592 372 756 416 avidius
786 374 945 417 fecerit.
1659 387 1662 391 '

207 457 250 487 ρο
388 442 539 497 Neque
571 443 655 485 iam
687 443 790 499 quid
821 444 1076 488 existimetis
1108 446 1159 488 de
1184 446 1272 503 illo,
1303 447 1376 489 sed
1402 450 1610 502 quantum
1634 449 1825 493 audeatis

268 528 433 569 vereor,
470 529 523 555 ne
555 514 664 556 alius
695 514 826 557 alium
857 516 1097 571 principem
1135 520 1412 572 expectantes
1449 521 1548 561 ante
1585 519 1826 577 capiamini,

268 599 354 625 non
392 584 549 638 opibus
588 585 690 641 eius,
729 600 835 641 quae
871 586 1018 629 futiles
1062 590 1104 629 et
1147 591 1372 643 corruptae
1415 591 1533 645 sunt,
1575 589 1650 632 sed
1684 593 1827 634 vestra

269 655 471 710 socordia,
504 671 587 711 qua
611 658 785 711 raptum
808 656 870 699 ire
895 657 995 699 licet
1021 660 1064 700 et
1090 673 1216 713 quam
1248 659 1412 715 audeat,
1443 662 1531 702 tam
1558 660 1692 703 videri
1715 660 1826 705 Feli—

203 740 243 769 21
268 740 369 768 cem.
437 726 550 769 Nam
586 729 757 782 praeter
796 727 1003 770 satellites
1043 730 1373 772 commaculatos
1413 730 1510 786 quis
1549 731 1696 774 eadem
1733 731 1826 775 volt

268 799 342 838 aut
374 797 469 852 quis
498 812 586 839 non
618 798 760 840 omnia
791 801 955 840 mutata
985 802 1156 854 praeter
1187 800 1421 843 victorem?
1471 800 1642 844 Scilicet
1665 801 1825 846 milites

268 882 449 922 quorum
468 867 674 924 sanguine
693 868 893 910 Tarrulae
914 868 1148 925 Scirtoque,
1173 870 1371 925 pessimis
1397 886 1626 927 servorum,
1651 871 1824 915 divitiae

203 953 247 983 22
268 941 415 993 partae
448 939 576 980 sunt?
637 937 707 980 An
739 939 897 994 quibus
929 940 1146 994 praelatus
1178 941 1222 983 in
1253 942 1579 999 magistratibus
1609 942 1824 998 capiendis

266 1008 476 1065 Fufidius,
514 1009 667 1052 ancilla
705 1009 863 1065 turpis,
900 1010 1111 1053 bonorum
1148 1012 1339 1054 omnium
1371 1013 1826 1057 dehonestamentum?

265 1078 416 1134 Itaque
447 1079 677 1122 maximam
709 1080 815 1121 mihi
846 1080 1045 1123 fiduciam
1075 1081 1192 1136 parit
1221 1082 1359 1125 victor
1388 1083 1612 1140 exercitus,
1649 1085 1717 1127 cui
1747 1099 1827 1141 per

267 1152 333 1191 tot
363 1150 537 1192 volnera
568 1153 611 1193 et
647 1151 817 1193 labores
854 1151 964 1193 nihil
1003 1155 1174 1207 praeter
1195 1156 1439 1209 tyrannum
1476 1155 1718 1210 quaesitum
1749 1158 1825 1199 est.

203 1236 245 1266 23
266 1220 362 1263 Nisi
400 1221 511 1263 forte
549 1221 825 1264 tribuniciam
862 1225 1123 1277 potestatem
1162 1239 1356 1267 eversum
1392 1226 1575 1281 profecti
1612 1229 1713 1269 sunt
1747 1241 1826 1283 per

265 1305 392 1348 arma,
424 1291 639 1333 conditam
670 1307 694 1333 a
719 1292 955 1335 maioribus
981 1293 1080 1350 suis,
1111 1294 1260 1350 utique
1285 1295 1379 1337 iura
1404 1298 1446 1338 et
1471 1296 1627 1339 iudicia
1651 1297 1825 1341 sibimet

265 1364 581 1419 extorquerent,
614 1363 788 1419 egregia
820 1363 983 1405 scilicet
1014 1365 1219 1422 mercede,
1250 1380 1347 1408 cum
1372 1366 1552 1423 relegati
1577 1367 1623 1410 in
1646 1367 1824 1423 paludes

265 1435 308 1474 et
350 1432 478 1474 silvas
522 1433 825 1475 contumeliam
868 1436 996 1489 atque
1039 1434 1242 1477 invidiam
1285 1451 1422 1492 suam,
1464 1437 1655 1492 praemia
1692 1453 1825 1494 penes

201 1520 244 1549 ⁶24
265 1517 424 1557 paucos
455 1503 766 1560 intellegerent.
822 1504 960 1555 Quare
991 1505 1125 1562 igitur
1156 1509 1277 1549 tanto
1310 1507 1480 1564 agmine
1511 1511 1640 1564 atque
1670 1509 1824 1552 animis

264 1574 450 1616 incedit?
512 1574 620 1625 Quia
652 1576 858 1617 secundae
891 1591 958 1618 res
989 1576 1094 1619 mire
1127 1580 1227 1620 sunt
1257 1578 1375 1621 vitiis
1412 1579 1628 1636 obtentui,
1666 1579 1825 1636 quibus
1883 1639 1885 1641 .

263 1645 487 1688 labefactis
525 1661 653 1701 quam
692 1647 946 1690 formidatus
984 1650 1060 1703 est,
1101 1650 1189 1690 tam
1231 1651 1546 1693 contemnetur:
1589 1643 1673 1693 nisi
1711 1651 1824 1694 forte

264 1716 405 1771 specie
431 1717 679 1759 concordiae
705 1720 748 1759 et
773 1718 903 1775 pacis,
929 1733 1036 1773 quae
1062 1719 1211 1761 sceleri
1237 1722 1281 1761 et
1305 1720 1630 1775 parricidio-suo
1649 1721 1824 1765 nomina

382 1857 643 1894 Testimon.:
683 1861 736 1894 19.
755 1857 962 1894 Diomedes
995 1871 1029 1904 p.
1050 1862 1136 1895 412:
1174 1859 1222 1894 Et
1253 1859 1453 1895 Sallustius
1484 1859 1524 1895 in
1552 1860 1674 1906 primo
1704 1860 1822 1898 histo-

263 1904 403 1939 riarum
428 1904 524 1939 libro
553 1906 610 1939 ‘ut
635 1907 673 1940 et
698 1905 801 1940 facta
932 1905 1089 1941 feeerit.’
1118 1927 1162 1932 —
1188 1906 1389 1942 Dositheus
1416 1907 1497 1952 (VH
1516 1910 1598 1954 415)
1623 1909 1754 1945 eadem.

382 1955 436 1987 23.
464 1952 570 1987 Arus.
597 1964 631 1997 p.
654 1956 739 1988 505:
767 1953 840 1989 Sal.
867 1952 953 1989 hist.
974 1954 991 1988 I
1019 1953 1192 1998 ‘relegati
1217 1953 1257 1988 in
1281 1953 1464 1999 paludes?

382 2003 436 2034 24.
464 1999 641 2045 Porphyr.
663 2000 712 2034 ad
731 2000 859 2036 Horat.
881 2000 988 2046 epist.
1009 2001 1026 2035 I
1047 2004 1101 2046 18,
1117 2005 1178 2037 29:
1199 2000 1320 2036 simile
1339 2001 1436 2036 illud
1456 2003 1513 2037 est
1533 2001 1688 2038 Sallusti
1709 2002 1822 2046 ‘Quia

264 2047 449 2081 secundae
470 2076 477 2082 .
495 2076 501 2082 .
518 2076 549 2082 ..
571 2047 769 2083 obtentui.'
804 2069 848 2073 —
881 2047 1020 2083 Seneca
1045 2049 1209 2084 controv.
1236 2048 1287 2083 IX
1312 2051 1342 2093 1,
1365 2052 1408 2083 13
1437 2049 1508 2084 ‘res
1535 2050 1719 2086 secundae
1740 2079 1771 2087 ..
1787 2079 1818 2087 ..

263 2093 445 2130 obtenui'

381 2227 436 2258 20.
464 2234 538 2267 qua
557 2226 706 2270 raptum
725 2225 795 2272 ire]
815 2236 929 2269 quam
947 2225 1155 2270 raptumiri
1176 2226 1216 2270 V,
1236 2237 1325 2262 corr.
1341 2226 1518 2273 Madvi9;
1536 2238 1650 2272 quam
1667 2229 1820 2273 captum

261 2273 316 2305 ire
338 2269 451 2314 Corte,
476 2281 542 2315 per
561 2283 674 2316 quam
693 2273 844 2317 captum
863 2271 917 2306 ire
937 2277 1045 2308 antea
1064 2273 1225 2318 Dietsch,
1250 2285 1363 2318 quam
1387 2275 1537 2319 raptum
1561 2273 1615 2309 ire
1639 2275 1759 2311 Orelli.
1773 2296 1819 2301 —-

262 2329 375 2362 quam
400 2318 554 2365 audeat]
581 2331 694 2363 quam
719 2319 859 2354 audeas
887 2320 927 2363 V,
953 2320 1092 2355 audeat
1116 2332 1206 2356 corr.
1236 2321 1357 2365 Oorte;
1381 2322 1515 2358 scilicet
1538 2333 1654 2357 wnwm
1678 2321 1819 2358 Sullwm

262 2365 553 2400 subaudiendum
583 2378 653 2401 esse
684 2367 782 2402 docet
814 2366 949 2402 Felicis
986 2378 1116 2403 ‘nomen
1145 2373 1474 2412 comittemoratum;
1511 2367 1546 2403 ei
1577 2379 1688 2413 quem
1717 2368 1819 2404 haud
1849 2394 1851 2396 -

262 2412 404 2457 pudeat
428 2413 508 2446 tum
534 2412 654 2448 videri
679 2413 827 2448 felicem
851 2415 904 2449 vel
930 2414 964 2449 61
989 2425 1099 2458 quem
1131 2415 1263 2450 audias
1288 2416 1380 2451 coni.
1409 2416 1536 2461 Orelli,
1569 2427 1682 2460 quam
1705 2416 1818 2452 aude-

263 2459 336 2494 atis
362 2460 440 2494 tam
466 2458 586 2495 videri
611 2460 738 2496 felices
766 2462 910 2507 Mdhly.

382 2509 436 2542 21.
462 2505 657 2554 victorem]
684 2507 881 2543 victoriam
907 2509 947 2552 V,
979 2520 1070 2545 corr.
1098 2509 1229 2554 Kritz;
1261 2510 1447 2554 defendere
1478 2510 1573 2546 illud
1601 2510 1819 2547 molucrum

263 2554 398 2589 Sclze'ne
422 2565 465 2590 ac
496 2555 694 2590 Weinholcl.
721 2576 767 2580 —
790 2555 977 2602 pessimis]
1003 2556 1185 2601 pessumis
1217 2557 1256 2593 V.

382 2604 436 2636 22.
463 2602 631 2648 volnera]
657 2603 709 2638 sic
735 2603 775 2638 V.

381 2652 436 2683 23.
463 2649 637 2696 relegati]
663 2649 808 2694 relegat
832 2650 877 2685 N
896 2649 1089 2686 Arusiani.
1116 2672 1160 2676 —
1185 2650 1463 2697 intellegerent]
1497 2651 1537 2694 V,
1562 2650 1818 2697 intellegerint

257 2700 341 2741 post
370 2695 542 2732 Orellium
566 2698 684 2743 vulqo,
708 2708 819 2742 neque
843 2708 925 2732 vero
955 2698 1042 2733 haee
1064 2699 1163 2734 verbi
1191 2700 1328 2743 forma,
1360 2709 1468 2744 quam
1491 2709 1537 2733 ex
1561 2699 1735 2746 analogia
1760 2702 1818 2743 (ut

261 2744 490 2789 yravmnaticz'
518 2745 641 2789 aiunt)
673 2745 859 2788 finxerunt
891 2744 1020 2780 Macer
1057 2757 1100 2781 ac
1131 2746 1340 2789 Lucretius,
1378 2744 1551 2781 Sallustio
1582 2746 1818 2792 Salluuiique

262 2791 374 2825 aetati
397 2791 623 2827 vindicanda
653 2796 704 2827 est
733 2802 845 2837 ‘neque
870 2803 887 2827 e
911 2793 1014 2827 verbo
1039 2791 1215 2827 fiduciam
1239 2791 1340 2838 parit
1363 2793 1425 2828 sed
1448 2803 1493 2828 ex
1517 2803 1687 2828 eversum
1710 2797 1817 2839 atque

262 2838 525 2880 extorquerent
555 2840 686 2884 pendet
719 2839 967 2882 enuntiatum,
1011 2851 1079 2884 quo
1117 2852 1190 2885 qua
1223 2840 1364 2886 eyreyia
1396 2841 1551 2875 mercede
1584 2841 1715 2876 milites
1747 2841 1816 2876 illa

261 2885 413 2928 fecerint
437 2887 642 2930 eoeponitwr.

381 2935 436 2967 24.
464 2934 647 2968 secundae
667 2934 740 2980 res]
767 2933 803 2969 V
822 2933 924 2978 Sall„
949 2933 1166 2980 Porphyrio,
1190 2945 1248 2969 res
1274 2934 1458 2969 secundae
1478 2933 1622 2970 Seneca.
1642 2955 1689 2960 —
1711 2933 1818 2970 labe-
