1916 3178
0 2411 5 2438 ’“
0 2363 4 2385 ⁴⁰·
0 2100 18 2343 ’νῆἺντέ-ντι-νπ-
0 2060 7 2082 'r
0 2000 17 2045 n--g

802 138 1093 179 ‚27-

49 237 359 305 „Qnoeps
392 247 448 290 73
481 244 621 288 01111116
650 243 820 287 videtur
852 242 1085 285 Celtiberia
1122 258 1146 285 a
1177 242 1385 285 Romanis
1418 242 1596 285 subacta
1628 255 1731 284 6666.

106 312 327 364 &mulsum
363 317 453 361 fere
490 320 683 373 tempore
713 315 931 371 Perperna
968 314 1014 356 in
1045 314 1259 357 Gallaecia
1298 328 1512 371 pugnasse
1552 312 1732 368 videtur,

12 387 23 418 1
146 390 254 450 sibi
269 389 392 434 Cales
422 389 526 433 urbs
556 391 668 432 teste
697 387 903 431 Sallustio
935 403 999 443 ap.
1027 387 1140 429 Serv.
1168 387 1231 429 ad.
1257 386 1363 429 Aen.
1382 385 1465 429 VH
1486 387 1570 428 728
1603 384 1656 426 ab
1683 399 1732 426 eo

55 455 106 523 js
134 464 288 520 “capta
317 463 394 504 est.
454 459 653 516 Namque
685 474 782 502 cum
812 459 1028 514 Perperna
1059 473 1170 499 anno
1206 459 1257 501 77
1292 460 1473 500 exeunte
1505 457 1550 499 in
1581 455 1732 511 Hispa-

160 534 279 579 niam
317 532 501 589 venerit,
550 532 725 574 ineunte
767 532 823 574 76
864 530 918 572 ad
957 528 1195 572 Sertorium
1236 529 1472 586 transierit,
1516 527 1639 570 annis
1678 529 1732 570 76

162 605 296 649 oet-:75
332 604 379 648 in
408 603 659 662 regionibus
696 602 749 644 ad
786 617 902 644 mare
940 600 1130 643 medium
1168 600 1263 642 sitis
1301 603 1449 642 contra
1479 598 1733 655 Pompeium

89 690 100 699 ⁴
161 676 400 733 bellaverit,
430 678 580 732 postea
610 689 711 718 vero
743 688 854 716 anno
878 675 932 716 72
965 687 1050 715 11116
1080 687 1178 714 66111
1210 670 1399 714 Sertorio
1427 671 1560 714 Oscae
1592 670 1734 725 fuerit,

160 749 254 793 veri
282 748 454 792 videtur
489 747 630 791 simile
662 761 773 802 esse,
803 746 882 788 has
913 760 981 787 res
1018 744 1063 786 in
1094 743 1309 787 Gallaecia
1340 746 1484 800 gestas
1521 742 1734 798 pertinere

162 821 221 865 ad¹
243 835 414 864 annum
434 820 492 863 74
516 819 585 862 vel
607 820 674 875 73,
706 817 860 860 melius
892 817 1073 860 fortasse
1099 815 1153 858 ad
1178 830 1338 857 annum
1365 815 1432 870 74,
1464 813 1584 856 cuius
1617 813 1733 855 exitu

162 890 380 936 Sertorius
409 889 654 947 prosperior
691 904 783 948 esse
816 885 1007 944 coepit¹.)
1067 886 1292 929 Postremo
1326 885 1508 942 denique
1540 900 1651 927 anno
1684 885 1734 926 de

164 963 286 1020 Osca,
304 961 456 1018 Ilerda,
477 960 713 1018 Calagurri,
738 962 959 1016 praeterea
985 959 1035 1001 de
1061 958 1299 1001 Tarracone
1326 960 1368 999 et
1394 957 1550 1000 Dianio
1576 971 1735 1013 pugna—

163 1037 259 1079 tum
297 1036 380 1091 est,
417 1033 468 1076 of.
499 1032 640 1076 strab.
672 1033 723 1075 fr.
758 1033 863 1075 74a:
908 1031 957 1074 ἐν
996 1029 1045 1074 δὲ
1086 1037 1182 1080 ταῖς
1219 1031 1372 1072 πόλεσι
1413 1029 1591 1079 ταύταις
1627 1027 1735 1086 (6611.

163 1106 329 1151 flea-dae
361 1107 404 1148 et
429 1103 583 1162 Oscae)
614 1102 817 1160 ἐπολέμει
847 1106 1102 1146 τελευταῖον
1128 1102 1379 1158 Σερτώριος
1409 1099 1484 1144 καὶ
1516 1100 1565 1143 ἐν
1590 1100 1737 1143 Καλά-

165 1194 300 1236 φουρι·
322 1177 608 1222 Οὐασκώνων
632 1177 758 1219 πόλει
783 1173 857 1218 καὶ
882 1180 958 1230 τῆς
981 1175 1198 1230 παραλίας
1223 1172 1272 1216 ἐν
1304 1172 1564 1229 Ταρράκωνι
1590 1169 1662 1214 καὶ
1690 1171 1739 1214 ἐν

157 1249 518 1308 Ἡμεροσκοπείῳ
549 1248 657 1304 μετὰ
686 1248 769 1303 τὴν
802 1246 849 1290 ἐκ
876 1247 1164 1302 Κελτιβήρων
1196 1246 1429 1299 ἔκπτωσιν,
1460 1243 1662 1287 ἐτελεύτα
1694 1239 1734 1285 δ’

166 1322 380 1380 §usonem
415 1347 471 1352 —
506 1319 806 1377 Intellegimus
836 1334 938 1362 vero
971 1317 1139 1361 etiamsi
1172 1316 1387 1360 Sertorius
1417 1331 1505 1358 non
1542 1331 1567 1357 a
1598 1314 1738 1357 coniu-

165 1394 274 1441 ratis
312 1393 478 1437 occisus
517 1394 647 1448 esset,
688 1395 833 1434 tamen
875 1406 963 1433 non
1006 1389 1191 1432 multum
1232 1388 1408 1444 afuisse,
1453 1387 1556 1443 quin
1601 1386 1740 1429 omnis

165 1465 378 1523 Hispania
407 1465 702 1508 Romanorum
734 1478 882 1506 rursus
914 1463 995 1506 sub
1026 1464 1288 1518 potestatem
1319 1460 1596 1517 redigeretur.

183 1569 185 1571 -
261 1537 352 1580 >De
382 1536 618 1580 levioribus
649 1535 906 1592 quibusdam
938 1535 1077 1590 rebus,
1110 1548 1218 1589 quae
1242 1532 1326 1575 nisi
1358 1547 1383 1574 a
1413 1531 1622 1574 Frontino
1654 1545 1741 1572 non

166 1612 365 1654 narratae
395 1611 509 1665 sunt,
541 1607 654 1651 infra
685 1606 988 1663 disputabitur.

215 1709 216 1712 ¹
286 1719 313 1772 ἓ
338 1719 377 1760 2.
431 1714 747 1759 Plutarchus
786 1714 831 1757 in
868 1713 957 1756 vita
989 1712 1169 1756 Sertorii
1207 1711 1394 1768 primum
1427 1727 1474 1754 6.
1488 1713 1580 1754 2-
1590 1710 1618 1753 5
1649 1710 1740 1751 bre-

167 1779 285 1857 viter
308 1786 378 1833 res
408 1787 463 1830 ab
489 1802 540 1830 eo
571 1789 671 1830 ante
703 1787 852 1844 fugam
884 1785 1224 1841 seditionemque
1257 1786 1402 1841 gestas
1429 1782 1618 1839 exponit,
1650 1783 1743 1823 tum

169 1852 203 1906 6.
229 1862 321 1925 6-
330 1860 385 1905 27
423 1858 587 1902 bellum
621 1857 909 1914 Hispaniense
947 1856 1162 1912 copiosius
1201 1859 1382 1898 enarrat.
1451 1854 1561 1896 Tota
1598 1855 1742 1894 autem

168 1933 215 1998 in
246 1920 348 1975 vita
389 1930 643 1975 Sallustium
691 1930 746 1972 ab
791 1945 840 1972 60
885 1931 1134 1984 excerptum
1178 1943 1269 1970 esse
1312 1923 1559 1982 Peterum')
1609 1923 1744 1967 secuti

170 1999 318 2063 omnes
343 1993 629 2063 consentiunt.
679 2001 862 2058 Atque
851 2016 896 2043 ln
919 2000 1063 2056 priore
1089 2002 1211 2055 parte
1232 1998 1381 2041 statim
1401 2000 1578 2055 apparet
1596 1996 1744 2038 verba:

170 2083 261 2142 τῷν
297 2077 447 2134 ὄψεων
490 2073 680 2131 ἀπέβαλε
729 2074 812 2130 τὴν
856 2071 1010 2127 ἑτέραν
1054 2071 1333 2114 ἐκκοπεῖσαν·
1385 2068 1455 2112 ἐπὶ
1504 2069 1645 2127 τούτῳ
1696 2065 1745 2110 δε

170 2144 551 2212 καλλωπιζόμενος
591 2143 660 2189 ἀεὶ
691 2143 876 2189 διετέλει
905 2160 945 2188 κ.
973 2160 1008 2187 τ.
1038 2147 1075 2187 λ.
1107 2143 1263 2186 hausta
1301 2157 1392 2184 6666
1430 2156 1452 2183 6
1485 2139 1661 2184 Sallusti
1694 2140 1743 2181 fr.

169 2208 192 2264 Ῐ
221 2216 279 2264 55
305 2218 376 2262 D..
425 2217 565 2269 ‘Quae
608 2216 732 2260 vivus
775 2216 884 2259 facie
928 2231 1006 2259 sua
1056 2215 1302 2258 ostentabat
1348 2213 1514 2269 aliquot
1557 2210 1745 2253 adversis

171 2285 444 2335 cicatricibus
481 2292 525 2332 et
556 2289 710 2346 effosso
743 2288 878 2331 oculo.
949 2287 1101 2344 Neque
1142 2286 1229 2329 illis
1269 2285 1438 2328 anxius:
1483 2283 1587 2340 quin
1628 2280 1744 2338 ille3)

171 2362 554 2407 dehonestamento
585 2360 776 2417 corporis
807 2359 992 2402 maxime
1030 2359 1290 2415 laetabatur,
1327 2357 1428 2414 quia
1460 2355 1624 2412 reliqua
1656 2353 1744 2411 glo-

170 2427 328 2503 riosius
366 2432 609 2477 retinebat?
682 2423 799 2475 Item*
836 2447 946 2488 quae
993 2433 1233 2487 sequuntur
1272 2429 1516 2473 Romanum
1557 2426 1745 2484 produnt

228 2562 230 2567 ’
293 2554 328 2598 1)
353 2551 408 2588 cf.
434 2551 531 2598 App.
557 2551 594 2586 b.
621 2561 653 2594 6.
677 2550 694 2585 1
713 2553 795 2587 112.

292 2613 331 2659 2)
354 2611 380 2648 L
406 2611 431 2647 L
456 2622 493 2657 p.
514 2614 570 2656 61,
598 2610 659 2646 eui
682 2608 824 2655 partim
848 2608 925 2645 iam
950 2607 1167 2654 praeiverat
1190 2607 1328 2643 Linker
1353 2606 1377 2642 l.
1403 2606 1428 2641 l.

293 2673 333 2717 3)
359 2669 480 2714 ‘Quid
510 2669 578 2706 ille
605 2690 649 2696 —-
675 2690 721 2696 —-
748 2690 792 2696 —
818 2668 1052 2713 laetabatur,
1091 2679 1213 2713 neque
1244 2667 1321 2702 illis
1354 2664 1487 2700 anxius
1520 2663 1632 2710 quia’
1674 2665 1744 2699 etc.

170 2730 294 2776 codd„
322 2728 456 2776 ‘quin’
491 2741 586 2766 corr.
612 2729 743 2774 Hertz,
777 2728 1017 2775 quodetiam
1046 2727 1253 2764 secundum
1278 2725 1418 2761 Donati
1450 2724 1566 2761 verba
1599 2722 1745 2760 deside-

171 2791 296 2837 ratur,
331 2790 474 2835 ‘neque
506 2788 583 2826 inis
615 2789 767 2825 anxius’
800 2787 1034 2835 transposui,
1075 2786 1254 2833 quoniam
1286 2786 1374 2831 post
1407 2783 1591 2820 ‘maxime
1623 2783 1742 2819 laeta-

174 2849 302 2890 batur’
329 2849 475 2886 nullam
499 2848 577 2885 fere
604 2847 748 2889 habent
771 2846 848 2885 vim
874 2849 915 2884 et
938 2859 1011 2884 vox
1038 2846 1161 2892 ‘quin’
1189 2844 1431 2892 negationem
1456 2843 1746 2880 antecedentem

174 2909 367 2957 postulare
392 2908 554 2946 videtur.
