1976 3190
288 197 371 239 108
750 197 904 232 Sallusti
929 197 1179 234 Historiarum
1203 198 1267 234 lib.
1288 199 1349 234 III.
1393 231 1401 237 ,

285 305 335 346 de
373 303 583 346 Dardanis
622 304 749 359 plane
787 305 976 348 subactis
1013 307 1067 348 ab
1106 306 1253 349 eodem
1290 306 1574 364 triumphum,
1617 309 1833 363 postremo

284 375 339 416 M.
371 374 539 417 Luculli
578 375 622 417 in
656 376 840 418 Thraces
876 376 1187 432 profectionem
1224 377 1446 420 subnexui.
1517 378 1670 432 Quarto
1705 380 1834 435 capite

284 460 351 487 res
375 445 419 487 in
443 444 547 488 Asia
572 461 682 488 anno
711 447 765 490 73
796 450 942 504 gestae
973 451 1184 505 secuntur,
1215 449 1260 495 in
1285 463 1390 504 quas
1416 448 1574 492 medias
1597 449 1834 508 longiorem

285 517 334 557 de
367 516 452 558 situ
477 516 606 559 Ponti
637 517 944 575 digressionem
976 519 1202 562 inseruisse
1228 519 1477 562 Sallustium
1502 520 1676 577 scimus3
1706 535 1834 578 quam

285 602 468 642 quonam
499 589 755 632 narrationis
780 593 996 633 momento
1022 593 1169 634 auctor
1194 591 1438 634 exhibuerit
1464 606 1559 634 cum
1588 592 1837 651 nesciamus,

284 658 455 701 omnino
493 660 574 701 sub
612 661 740 703 finem
772 661 925 716 capitis
956 661 1047 704 eius
1078 662 1229 704 addere
1266 662 1407 704 malui.
1467 664 1616 717 Quinto
1649 667 1836 719 satoque

283 731 482 784 capitibus
514 731 676 774 exitum
708 731 902 788 Sertorii,
940 732 1134 790 Spartaci
1170 733 1294 777 initia
1325 733 1532 777 contineri
1563 734 1648 778 iam
1677 734 1834 778 monui.

1960 956 1976 980 a

922 1044 1128 1093 CAPUT
1167 1046 1202 1092 Ι.
1694 1102 1696 1104 ,
1951 1028 1976 1130 3

283 1147 474 1190 Bellum
489 1147 747 1202 piraticum
761 1148 809 1192 et
825 1147 1046 1193 Cretense
1065 1151 1124 1193 ab
1139 1147 1346 1194 Antonio
1366 1149 1569 1206 gestum,
1591 1150 1656 1195 fr.
1674 1148 1841 1197 1-16.
1961 1151 1976 1228 3

558 1247 666 1297 Inest
698 1247 837 1287 Cretae
870 1248 1024 1289 insulae
1056 1249 1279 1302 descriptio,
1310 1250 1356 1288 fr.
1387 1251 1569 1289 10-,15.

939 1371 1188 1409 Euan-atio.

402 1446 667 1502 Quamquam
692 1463 716 1488 a
741 1447 786 1489 P.
814 1447 994 1490 Servilio
1019 1446 1218 1504 Isaurico,
1243 1448 1315 1503 qui
1342 1448 1467 1490 modo
1493 1447 1738 1491 nominatus
1763 1451 1842 1504 est,

238 1516 258 1557 1
282 1518 545 1573 praedonum
584 1518 798 1574 principia
829 1518 1269 1574 Pisidia⁴1sauriaque
1307 1520 1486 1562 subacta
1522 1521 1643 1562 erant
1680 1517 1756 1578 (fr.
1785 1518 1842 1578 l),

281 1590 425 1631 tamen
456 1589 560 1632 adeo
592 1589 678 1632 iam
710 1605 820 1632 anno
855 1591 910 1633 75
941 1605 1057 1632 mare
1095 1590 1238 1646 ipsum
1270 1593 1400 1646 atque
1432 1590 1597 1633 ‘Italiae
1628 1590 1843 1635 maritima

283 1663 326 1703 et
358 1660 673 1715 provinciarum
704 1662 833 1717 plena
862 1661 1069 1704 hostium'
1096 1660 1173 1719 (or.
1202 1661 1313 1704 Oott.
1342 1660 1387 1719 7)
1413 1663 1598 1717 fuerunt,
1628 1664 1679 1704 ut
1703 1661 1840 1706 denuc

282 1746 501 1774 occurrere
533 1732 633 1775 huic
665 1733 777 1775 malo
810 1736 982 1775 senatus
1014 1732 1210 1775 decrevit.
1272 1732 1415 1789 Atque
1446 1748 1500 1776 ne
1531 1732 1690 1790 singuli
1722 1748 1840 1788 prae-

283 1803 414 1846 dones
445 1819 469 1845 a
500 1803 682 1860 singulis
714 1804 894 1847 ducibus
925 1805 1293 1862 impugnarentur,
1324 1805 1398 1846 uni
1424 1803 1673 1865 imperatori
1699 1806 1840 1848 totum

283 1874 446 1916 bellum
477 1875 676 1917 mandare
708 1876 876 1931 maluit;
908 1876 1053 1931 itaque
1084 1876 1140 1918 M.
1171 1874 1386 1918 Antonius

282 1945 436 2003 ‘agrati
469 1945 618 1989 Cottae
655 1947 842 1990 consulis
876 1950 918 1990 et
952 1946 1023 1990 Oe·
1155 1947 1226 1989 εΜ.
1243 1945 1459 1990 Antonius
1477 1950 1640 1990 carator
1658 1946 1840 1990 tuendae

283 2017 403 2074 thegi
435 2016 619 2060 factione
651 2018 696 2060 in
727 2021 877 2061 senatu
908 2034 1023 2062 cara·
1097 2019 1217 2062 totius
1247 2033 1343 2062 orae
1372 2019 1619 2070 maffitimaa
1649 2032 1733 2072 qua
1756 2017 1839 2061 Ro-

233 2089 260 2130 2
281 2090 429 2131 tionem
471 2090 683 2144 infinitam
721 2095 865 2133 nactas
905 2091 1025 2133 tobias
1095 2103 1268 2132 manum
1304 2094 1395 2132 erat
1420 2091 1640 2145 mmmmm
1677 2087 1755 2146 (fr.
1781 2086 1840 2146 2),

234 2161 259 2201 3
281 2175 376 2203 orae
406 2161 667 2204 maritimae?
724 2160 815 2218 (Ps.
848 2161 1067 2216 Ascon.x
1097 2176 1183 2202 non
1214 2160 1353 2203 solum
1377 2162 1464 2216 ipse
1484 2175 1660 2215 nequam
1685 2158 1759 2218 (fr.
1781 2158 1840 2216 3),

281 2231 342 2272 ad
386 2231 551 2273 Cicer.
595 2230 737 2275 Verr.
781 2232 822 2275 II
866 2234 910 2288 8,
954 2232 1023 2275 Or.
1095 2247 1242 2276 verum
1280 2232 1410 2275 etiam
1446 2232 1677 2276 comitibus
1707 2231 1838 2287 pessi-

282 2317 323 2357 p.
353 2301 470 2359 206.)
1096 2303 1204 2346 mis?
1277 2301 1372 2361 (Ps.
1415 2302 1592 2346 Ascon.
1638 2302 1701 2346 ad
1743 2301 1838 2345 Cic.

1095 2374 1201 2417 Div.
1228 2375 1296 2430 56,
1327 2390 1368 2430 p.
1398 2373 1513 2432 121.)

234 2446 262 2487 4
401 2444 482 2495 Qui
521 2448 751 2500 postquam
789 2461 840 2488 ex
878 2447 984 2488 urbe
1029 2460 1224 2503 egressus
1262 2447 1327 2487 est
1366 2443 1441 2502 (fr.
1466 2443 1533 2502 4),
1570 2444 1758 2500 primum
1793 2444 1838 2487 in

180 2517 219 2571 5,
240 2518 265 2559 6
286 2515 393 2558 mari
423 2516 644 2573 Ligustico
678 2515 751 2573 (fr.
778 2516 842 2573 5),
880 2517 977 2559 dein
1015 2517 1067 2559 ad
1097 2516 1332 2572 Hispaniae
1363 2531 1480 2559 oram
1512 2514 1586 2573 (fr.
1613 2514 1660 2573 6)
1691 2517 1839 2559 contra

284 2586 520 2641 praedones
557 2587 801 2643 incolasque
840 2588 1035 2644 bellavit,
1078 2591 1170 2630 tum
1208 2587 1262 2629 ad
1298 2586 1486 2630 Siciliam
1522 2587 1742 2642 profectus
1779 2587 1839 2629 ‘et

284 2657 472 2700 Siciliam
513 2661 557 2701 et
596 2658 837 2714 provincias
878 2674 1024 2712 omnes
1064 2658 1351 2713 depopulatus
1388 2657 1475 2700 est’
1514 2655 1711 2714 (Ascon.
1741 2656 1768 2699 l.
1798 2657 1839 2713 1.,

238 2731 260 2771 7
284 2728 388 2771 adde
420 2730 475 2771 fr.
505 2728 568 2786 7);
603 2743 923 2784 nonnumquam
959 2744 1060 2772 vero
1091 2729 1381 2772 Romanorum
1418 2727 1565 2770 classis
1597 2742 1646 2770 eo
1678 2727 1782 2770 duce
1813 2742 1839 2769 a

239 2801 264 2843 8
285 2800 575 2855 praedonibus
606 2800 771 2843 devicta
802 2815 892 2842 esse
924 2800 1093 2843 videtur
1123 2799 1197 2858 (fr.
1225 2798 1283 2857 8).

402 2871 513 2913 Dein
545 2874 718 2926 postero
749 2886 859 2914 anno
887 2873 941 2915 73
973 2871 1110 2926 ipsam
1140 2870 1308 2914 Cretam
1340 2870 1523 2913 insulam
1553 2868 1692 2926 petiit,
1721 2883 1836 2911 nam-

287 2956 368 2998 que
401 2942 571 2985 ‘favisse
602 2941 842 2985 Mithridati
873 2941 1109 2998 videbatur,
1146 2942 1227 2984 hoc
1260 2941 1424 2997 placuit
1454 2939 1584 2983 armis
1613 2939 1838 2995 vindicare,
