1976 3190
3 1469 34 2022 *Wtemmw*m
26 1410 27 1414 „
22 1338 23 1343 „
28 1195 30 1198 ⁴
12 1105 30 1142 χι

1 2174 18 2201 ’-.,
3 2110 15 2154 «ωε
0 2028 21 2090 ξ’·,ςρ

797 727 1028 782 LIBER
1077 727 1156 782 ΙΙ.

713 847 1240 897 ARGUMENTUM.

215 1052 228 1063 ’
305 1051 501 1096 Secundo
532 1050 812 1093 historiarum
842 1049 956 1092 libro
989 1064 1124 1092 annos
1152 1051 1207 1093 76
1238 1052 1281 1092 et
1309 1050 1365 1092 75
1391 1064 1426 1092 a.
1451 1047 1548 1091 Chr.
1575 1064 1615 1091 n.
1648 1048 1766 1091 anni—

186 1139 271 1182 que
304 1125 361 1168 74
393 1122 657 1180 principium
687 1121 918 1165 Sallustius
955 1122 1207 1178 complexus
1239 1124 1322 1178 est,
1362 1123 1585 1177 praeterea
1617 1121 1766 1163 eodem

187 1196 523 1241 continebantur
565 1195 665 1237 illae
709 1193 809 1236 anni
850 1195 902 1237 77
947 1209 1033 1250 res,
1078 1208 1187 1250 quae
1231 1193 1372 1249 primo
1416 1193 1531 1235 libro
1575 1192 1767 1235 nondum

186 1271 384 1317 narratae
421 1270 555 1311 erant.
627 1265 774 1322 Atque
819 1281 1030 1322 quaenam
1068 1281 1135 1308 res
1185 1265 1266 1308 sub
1316 1265 1448 1307 finem
1492 1264 1622 1307 huius
1664 1263 1766 1306 libri

188 1340 327 1384 dictae
351 1339 526 1397 fuerint,
558 1338 723 1395 optime
748 1353 889 1394 nuper
914 1338 1118 1381 certiores
1144 1337 1248 1381 facti
1268 1352 1416 1380 sumus
1442 1339 1614 1392 reperto
1633 1335 1767 1379 Aure-

187 1412 371 1456 lianensi
407 1411 689 1455 historiarum
726 1411 990 1468 fragmento,
1029 1415 1194 1466 quippe
1234 1425 1320 1466 quo
1359 1409 1410 1452 de
1448 1408 1554 1451 belli
1591 1407 1768 1450 Isaurici

190 1484 330 1541 exim,
373 1484 425 1527 de
467 1498 612 1527 rerum
649 1482 943 1538 Hispanarum
988 1484 1196 1525 autumno
1241 1497 1276 1524 a.
1310 1484 1332 1525 7
1339 1482 1366 1525 5
1404 1479 1673 1536 condicione,
1717 1479 1768 1522 de

189 1555 388 1612 Pompeii
433 1554 622 1612 epistula
665 1554 719 1596 ad
763 1556 960 1596 senatum
1005 1553 1167 1609 scripta
1209 1556 1373 1610 agatur.
1411 1578 1456 1583 —
1500 1552 1587 1595 Res
1625 1554 1768 1594 autem

191 1627 475 1685 Sertorianae,
507 1641 618 1683 quae
651 1625 856 1682 omnium,
888 1640 996 1681 quae
1022 1625 1104 1668 hoc
1135 1625 1249 1668 libro
1281 1624 1538 1680 referuntur,
1571 1623 1769 1681 gravissi-

190 1714 286 1743 mae
323 1701 443 1755 sunt,
478 1713 567 1741 non
604 1713 690 1741 uno
729 1698 1168 1754 eodemquessconexu
1206 1711 1354 1739 omnes
1386 1696 1658 1753 coniunctae,
1696 1695 1769 1738 sed

159 1770 162 1773 ’
190 1771 425 1815 secundum
457 1785 592 1813 annos
624 1769 882 1812 distributae
915 1784 1006 1812 esse
1038 1769 1254 1811 videntur:
1288 1768 1392 1824 quin
1425 1783 1478 1810 ex
1510 1768 1605 1824 ipso
1636 1767 1769 1810 Aure-

189 1842 372 1887 lianensi
404 1843 647 1900 fragmento
679 1841 965 1899 intelligimus
995 1846 1049 1884 ne
1076 1841 1267 1884 eiusdem
1293 1839 1467 1896 quidem
1493 1840 1594 1882 anni
1622 1841 1678 1883 75
1703 1855 1771 1882 res

190 1915 503 1972 Hispanienses
534 1914 580 1957 in
617 1929 751 1957 unum
789 1913 1050 1970 compositas
1081 1913 1233 1970 fuisse,
1271 1913 1345 1955 sed
1377 1926 1570 1955 seorsum
1600 1915 1773 1954 narrata

192 2002 286 2031 esse
305 1989 350 2030 et
367 1986 534 2043 proelia
551 2001 650 2029 vere
671 1989 801 2042 atque
821 1988 984 2028 aestate
1004 1986 1118 2028 facta
1145 1988 1188 2027 et
1208 2000 1269 2042 ea,
1292 1999 1401 2040 quae
1421 1986 1628 2026 autumno
1649 1987 1773 2041 gesta

193 2061 307 2103 sunt.
368 2057 528 2102 Contra
558 2073 628 2101 res
658 2058 846 2100 minores
876 2072 964 2100 non
995 2072 1073 2113 per
1104 2072 1239 2099 annos
1271 2055 1441 2112 divisas,
1473 2055 1547 2098 sed
1579 2056 1773 2113 singulas

193 2145 454 2187 unoquoque
485 2130 531 2173 in
560 2130 675 2173 libro
714 2129 963 2173 coniunctas
1001 2145 1026 2171 a
1057 2128 1262 2171 Sallustio
1295 2143 1386 2171 esse
1419 2142 1494 2170 cur
1531 2127 1772 2183 putandum

193 2203 264 2260 sit,
294 2217 427 2259 supra
452 2202 497 2245 in
522 2201 790 2258 praefatione
823 2201 908 2243 iam
935 2201 1128 2256 exposui.
1191 2200 1342 2256 Itaque
1369 2200 1415 2242 in
1440 2215 1490 2242 ea
1514 2199 1644 2242 huius
1670 2199 1771 2242 libri

193 2277 331 2333 parte,
355 2274 478 2318 cuius
503 2273 710 2330 reliquiae
736 2277 927 2316 servatae
954 2276 1067 2329 sunt,
1092 2288 1180 2315 non
1205 2272 1346 2315 solum
1370 2273 1513 2327 finem,
1538 2272 1613 2314 sed.
1631 2275 1773 2314 totum

195 2347 360 2390 bellum
383 2345 621 2389 Isauricum
653 2345 776 2388 annis
809 2346 986 2388 77-75
1017 2347 1190 2402 gestum
1222 2344 1407 2387 relatum
1439 2359 1531 2386 esse
1561 2343 1773 2386 existimo.

197 2417 398 2462 Ceterum
412 2417 576 2461 bellum
590 2417 913 2460 Macedonicum
926 2417 1116 2473 primum
1133 2417 1188 2459 ab
1203 2415 1366 2473 Appio,
1385 2415 1537 2458 deinde
1551 2431 1576 2458 a
1591 2415 1774 2457 Curione

195 2492 367 2548 gestum
399 2488 610 2546 bipertito
636 2488 681 2531 in
713 2489 899 2532 secundo
924 2488 1205 2532 historiarum
1229 2488 1344 2531 libro
1371 2490 1656 2530 memoratum
1683 2501 1774 2528 esse

195 2561 393 2618 sequitur
417 2576 440 2604 e
466 2561 618 2618 fragm.
640 2562 697 2605 80
723 2560 847 2604 initio
881 2561 1032 2605 ‘eodem
1058 2574 1169 2604 anno
1195 2561 1243 2603 in
1268 2560 1525 2603 Macedonia
1554 2557 1596 2601 C.
1621 2557 1775 2614 Curi0'‚

195 2633 318 2678 cuius
354 2633 416 2676 rei
460 2648 632 2676 causam
669 2632 803 2676 fuisse
841 2632 1103 2690 putaverim,
1147 2632 1262 2688 quod
1306 2647 1331 2674 a
1378 2631 1548 2673 duobus
1594 2629 1774 2685 impera—

195 2705 368 2749 toribus
403 2705 473 2748 hjs
503 2705 628 2748 annis
660 2705 824 2748 bellum
856 2704 1258 2748 administrabatur:
1303 2703 1466 2746 scilicet
1503 2717 1590 2744 non
1629 2716 1774 2757 unum,

198 2777 273 2821 sed
303 2777 388 2820 duo
419 2777 596 2820 fuerunt
628 2776 750 2833 quasi
777 2776 943 2819 diversa
968 2775 1095 2819 bella.
1145 2775 1374 2818 Praeterea
1392 2773 1641 2817 Nicomedis
1666 2789 1775 2816 mor-

196 2852 286 2892 tem
318 2848 583 2904 belh‘cosque
615 2851 850 2904 apparatus
882 2863 906 2890 a
931 2847 1139 2891 Romanis
1171 2862 1220 2889 ac
1245 2846 1496 2889 Mithridate
1529 2846 1666 2888 factos
1694 2845 1776 2887 hoc

195 2920 311 2965 libro
342 2920 553 2964 contineri
586 2923 773 2979 constat3
804 2923 849 2965 at
880 2919 1036 2964 iniuria
1068 2919 1271 2964 accidisse
1303 2933 1412 2975 reor,
1443 2917 1560 2975 quod
1583 2917 1706 2961 Kritz
1734 2920 1778 2961 et
