2002 3178
301 135 387 171 XIV
938 139 1221 176 PRAEFATIO.

477 243 521 287 N
550 243 864 300 Neapolitanus
893 245 958 290 IV
983 249 1051 305 21,
1079 263 1183 291 saec.
1209 248 1302 292 XV.

478 314 512 357 Ο
545 314 854 360 Ottobonensis
888 318 1014 376 1455,
1046 334 1152 362 saec.
1176 319 1268 363 XV.

476 386 512 429 G
546 386 767 430 Gudianus
783 389 867 446 -93,
899 404 1004 432 saec.
1029 389 1124 434 XV.
1149 397 1154 403 “

482 457 502 499 Ι
539 457 774 502 Vaticanus
808 461 935 517 1518,
966 476 1072 504 saec.
1098 461 1190 504 XV.

383 528 534 572 Marii
558 529 817 574 Victorini
848 532 1060 588 expositio
1091 533 1138 575 in
1162 533 1374 576 rhetorica
1401 535 1616 580 Ciceronis
1641 537 1855 597 (Rhetores

507 601 631 645 latini
660 604 838 647 minores
868 605 927 646 ed.
957 602 1121 662 Halm).

470 672 510 714 D
541 672 937 731 DarmstadtiensiS,
969 690 1074 718 saec.
1100 674 1195 718 VH.

468 743 502 786 F
533 744 803 788 Monacensis
835 746 952 789 6400
983 744 1323 805 (Frisingensis),
1354 763 1460 792 saec.
1485 750 1536 793 X.

468 816 504 858 B
536 816 867 874 Bambergensis
898 816 945 859 M
968 816 1031 860 IV
1056 820 1098 875 4,
1129 833 1234 861 saec.
1261 817 1334 861 XI.

378 887 646 930 Rufiniani
684 888 733 931 de
765 888 915 946 figuris
948 891 990 930 et
1021 891 1208 947 sentent3
1246 890 1296 932 de
1326 890 1556 935 schematis
1586 863 1750 954 lexeos,
1786 897 1848 940 ed.

500 958 648 1002 Halm
678 960 838 1003 ibidem.

464 1030 500 1072 B
532 1029 747 1086 Spirensis
779 1030 937 1073 codicis
961 1031 1089 1073 lectio
1116 1046 1167 1073 ex
1192 1031 1378 1076 editione
1402 1034 1595 1094 principe
1619 1036 1849 1082 Basiliensi
1882 1051 1884 1053 ’

534 1116 570 1144 a.
599 1102 710 1145 1521
743 1102 890 1158 petita.

373 1171 700 1230 Augustinus
733 1173 783 1215 de
815 1173 988 1216 civitate
1018 1173 1112 1230 Dei,
1144 1174 1204 1216 ed.
1234 1174 1480 1218 Dombart
1514 1178 1638 1223 1863.

461 1243 502 1286 A
532 1243 802 1287 Monacensis
835 1245 947 1288 3831
982 1243 1314 1303 (Augustanus).

460 1315 494 1357 F
525 1315 796 1358 Monacensis
828 1317 941 1359 6267
974 1315 1313 1374 (Frisingensis).

371 1385 560 1429 Isidori
586 1387 787 1445 origines,
815 1387 876 1429 ed.
896 1386 1080 1429 Arevalo
1108 1386 1320 1445 (repressa
1345 1387 1391 1430 in
1409 1388 1592 1447 Mignii
1609 1393 1845 1449 patroloyia

494 1459 628 1501 latina
656 1459 730 1502 vol.
757 1457 846 1515 82).

564 1529 783 1572 Secundus
803 1529 1017 1586 originum
1035 1529 1147 1571 liber
1166 1544 1217 1571 ex
1242 1529 1430 1573 editione
1448 1529 1640 1575 Halmii
1659 1531 1842 1591 (Rlaetor.

492 1602 560 1644 lat.
584 1615 629 1655 p.
655 1599 770 1659 507).

456 1671 495 1714 A
525 1671 965 1728 Wolfenbuttelanus,
997 1686 1102 1714 saec.
1129 1670 1247 1714 VIII.

454 1743 489 1786 F
520 1743 791 1786 Monacensis
821 1744 935 1786 4541
971 1741 1311 1801 (Frisingensis),
1343 1758 1448 1787 saec.
1476 1743 1548 1788 IX.

397 1814 668 1858 Orationes
706 1817 753 1857 et
791 1814 1042 1871 epistulae
1080 1829 1131 1856 ex
1162 1814 1358 1857 Sallustii
1388 1815 1584 1858 historiis
1615 1820 1837 1874 excerptae

277 1887 437 1942 optime
469 1901 490 1928 e
521 1885 562 1928 V
591 1886 802 1928 Vaticano
836 1887 969 1943 3864,
1000 1900 1105 1928 saec.
1131 1885 1182 1941 X,
1213 1885 1340 1928 unico
1373 1901 1518 1929 earum
1548 1887 1668 1930 fonte
1699 1889 1837 1932 editae

275 1960 375 2000 sunt
419 1957 472 1999 ab
515 1957 569 1999 H.
612 1956 831 2000 I‘ordano
876 1956 996 2014 (Sall.
1035 1972 1095 2012 op.
1143 1958 1200 2000 ed.
1238 1957 1329 1999 III.
1376 1956 1528 2015 1887);
1565 1958 1837 2002 collationem

271 2027 472 2071 Vaticani
503 2043 527 2070 a
558 2027 741 2071 Iordano
774 2029 1012 2071 confectam
1043 2031 1085 2070 et
1115 2028 1162 2070 in
1191 2027 1424 2083 exemplari
1455 2043 1533 2072 suo
1559 2030 1742 2087 margini
1767 2031 1837 2073 ad-

273 2100 477 2155 scriptam
507 2099 686 2156 inspexi,
718 2114 814 2141 cum
838 2098 888 2142 A.
908 2099 1152 2141 Wilmanns
1179 2113 1370 2141 summus
1395 2099 1682 2144 bibliothecae
1707 2101 1835 2145 Bero-

270 2171 447 2214 linensis
475 2171 716 2226 praefectus
742 2170 897 2213 eximia
923 2185 1019 2212 cum
1043 2169 1302 2212 liberalitate
1330 2169 1439 2212 illud
1468 2173 1518 2213 ut
1554 2171 1661 2214 mihi
1692 2172 1834 2217 mitte-

268 2245 388 2285 retur
419 2242 646 2299 concessit3
684 2257 735 2284 ex
772 2242 919 2284 eodem
956 2256 1063 2297 quae
1101 2241 1151 2283 de
1187 2241 1495 2299 orthographia
1525 2241 1725 2286 Vaticani
1755 2244 1834 2287 Pa-

267 2313 475 2370 risinique
507 2313 700 2355 codicum
732 2313 932 2356 adnotavi
962 2313 1118 2355 hausta
1149 2315 1260 2358 sunt.

384 2385 449 2428 De
491 2384 744 2442 fragmentis
787 2384 1066 2427 historiarum
1109 2399 1132 2426 e
1172 2383 1390 2426 codicibus
1428 2384 1649 2440 rescriptis
1681 2385 1829 2440 petitis

265 2458 362 2501 vide
394 2471 501 2513 quae
532 2456 646 2498 infra
678 2455 860 2513 singulis
891 2455 999 2498 locis
1031 2455 1145 2497 dicta
1177 2458 1288 2498 sunt.

382 2598 475 2641 Iam
511 2598 617 2641 haec
656 2598 910 2654 scripseram
940 2598 1110 2653 iamque
1140 2598 1260 2652 prelo
1294 2574 1486 2639 subicere
1516 2593 1845 2652 praefationem*

263 2669 534 2726 festinabam,
566 2684 662 2712 cum
691 2669 799 2711 mihi
830 2668 1068 2711 ambulanti
1098 2684 1175 2724 per
1200 2683 1399 2710 amoenas
1423 2667 1566 2710 Rheni
1590 2668 1708 2724 ripas
1731 2684 1825 2726 per-

263 2756 344 2796 que
374 2741 550 2784 Bonnae
580 2740 746 2796 patriae
776 2740 896 2782 urbis
928 2740 1045 2782 vicos
1077 2740 1285 2782 iucundos
1309 2739 1475 2782 Usener
1503 2738 1702 2794 locump.
1733 2739 1823 2784 Sal·
1888 2742 1891 2745 ’

260 2812 382 2854 lustii
430 2811 709 2854 historiarum
757 2811 975 2867 prooemio
1027 2810 1142 2852 haud
1190 2811 1376 2853 alienum
1425 2809 1500 2866 qui
1540 2825 1609 2852 me
1652 2810 1822 2868 fugerat

261 2883 447 2925 ostendit
483 2882 657 2925 Firmici
687 2882 872 2925 Materni
909 2882 1129 2939 astrologi.
1190 2881 1365 2924 Etenim
1394 2880 1607 2924 Firminus
1643 2879 1735 2939 ille,
1771 2884 1821 2924 ut
