1976 3190
288 154 358 190 XX
929 155 1214 192 PRAEFATIO.

290 265 390 318 post
420 261 630 305 Firminus
660 262 724 305 lin
757 264 829 306 16:
874 263 963 319 ‘qui
1001 279 1236 320 numquam
1279 265 1363 307 fuit
1399 279 1562 308 memor
1593 280 1718 309 sexus
1750 265 1851 325 sui'3

290 333 437 376 deinde
481 348 576 375 cum
620 333 693 376 ille
733 337 901 392 pergat:
945 335 1035 391 ‘qui
1077 336 1192 379 ultra
1236 336 1646 379 commendationem
1687 337 1850 395 gratiae

287 405 463 459 puerilis
496 405 649 447 aetatis
681 420 809 448 senex
840 406 1034 449 exoletus
1059 407 1105 449 in
1133 407 1271 450 aliena
1303 409 1442 449 aetate
1467 406 1636 464 flagitia
1660 408 1850 464 corporis

289 475 518 532 detinebat,
549 476 669 518 vitiis
701 476 930 534 obsessus',
962 478 1155 520 conferas
1186 478 1299 520 Hist.
1331 477 1356 520 I-
1384 478 1441 522 60
1472 480 1514 520 et
1546 480 1614 522 61.

405 547 509 589 Lin.
543 549 680 591 6—7.
742 548 959 591 Laceratis
984 549 1149 604 patriae
1173 549 1428 605 visceribus]
1457 549 1508 592 cf.
1533 549 1648 593 Hist.
1666 548 1689 592 I
1710 551 1778 608 77,
1803 553 1850 595 6:

288 618 611 675 ‘largitionibus
655 634 744 661 rem
786 620 1004 676 publicam
1046 620 1239 662 lacerari'
1271 623 1313 662 et
1349 621 1462 662 infra
1499 620 1572 664 lin.
1610 621 1667 666 85
1693 619 1774 678 ες(
1793 647 1850 655 —

286 689 433 731 Etiam
465 704 549 732 vox
583 690 735 733 ‘civilis
768 691 960 748 sanguis’
993 690 1256 734 Sallustiana
1288 694 1365 749 est,
1403 692 1454 735 cf.
1485 691 1598 736 Hist.
1628 691 1650 736 I
1681 693 1751 752 55,
1783 694 1852 751 14,

288 775 421 803 enarr.
453 777 493 817 p.
523 763 570 818 4,
604 761 726 805 Catil.
761 763 827 804 14.

402 832 436 874 L
445 832 506 875 in.
525 834 546 875 1
555 834 575 874 1
594 847 654 887 sq.
682 832 855 888 Septem
867 833 986 875 milia
1001 833 1156 876 civium
1170 834 1267 890 em]
1283 849 1305 876 e
1318 822 1453 890 Livio,
1467 834 1518 877 cf.
1533 832 1655 878 oros.
1669 834 1711 878 V
1725 836 1794 893 20,
1807 837 1846 879 2.

403 903 509 946 Lin.
543 904 760 959 20—24].
823 903 938 954 Quae
971 905 1021 946 de
1062 907 1287 960 praeturae
1324 905 1532 960 petitione
1569 903 1625 963 (a.
1656 904 1752 964 95),
1797 906 1848 950 de

287 974 511 1017 Censorini
544 976 813 1017 accusatione
846 974 899 1033 (a.
932 974 1027 1033 91),
1065 975 1115 1018 de
1151 976 1266 1018 bello
1300 975 1513 1031 Cimbrico
1553 979 1717 1034 narrat,
1753 992 1845 1033 per-

279 1046 428 1092 tinent
472 1047 525 1088 ad
564 1045 638 1088 lib.
682 1045 702 1088 I
747 1061 835 1102 cap.
878 1045 943 1089 ΙΙΙ
986 1046 1265 1090 historiarum
1309 1046 1367 1105 (p.
1401 1046 1487 1106 21).
1536 1073 1595 1079 —-
1642 1047 1707 1090 De
1749 1063 1852 1092 voce

287 1117 436 1167 ‘animi
474 1117 644 1160 timore’
672 1118 722 1160 cf.
757 1117 879 1161 Catil.
919 1119 995 1175 58,
1027 1119 1071 1176 2,
1109 1117 1200 1176 Iug.
1237 1119 1305 1175 20,
1333 1120 1375 1176 1,
1407 1119 1475 1162 57.
1502 1121 1547 1176 6,
1580 1119 1779 1163 ‘Marium
1807 1123 1850 1164 et

286 1188 529 1231 Romanum
573 1189 807 1231 exercitum
850 1190 1040 1245 reliquit’
1074 1190 1125 1232 ef.
1157 1204 1253 1232 cum
1284 1189 1397 1233 Hist.
1429 1189 1451 1232 I
1482 1191 1537 1234 38
1571 1190 1728 1234 ‘Carbo
1764 1190 1849 1234 Ita-

285 1260 390 1302 liam
422 1263 550 1316 atque
583 1262 815 1303 exercitum
847 1260 1054 1318 deseruit3
1086 1261 1215 1303 etiam
1247 1261 1509 1304 ‘Romanum
1541 1262 1795 1304 exercitum'
1827 1277 1850 1305 e

287 1331 494 1374 Sallustio
526 1332 669 1389 fluxit3
701 1333 751 1375 cf.
784 1332 896 1375 Hist.
922 1331 944 1374 I
969 1333 1038 1389 55,
1072 1333 1124 1374 19
1158 1335 1200 1375 et
1231 1331 1274 1375 Π
1303 1334 1378 1390 93,
1410 1335 1598 1375 ceterum
1629 1333 1848 1376 deserendi

287 1402 463 1446 verbum
488 1419 513 1445 a
531 1402 718 1446 Firmico
743 1403 824 1446 hac
847 1404 894 1446 in
920 1403 1132 1446 sententia
1155 1406 1411 1459 usurpatum
1435 1406 1500 1446 est
1524 1403 1638 1447 infra
1656 1405 1730 1448 lin.
1751 1406 1848 1449 102.

400 1474 509 1518 Lin.
531 1476 588 1518 30
608 1490 687 1531 sq.:
715 1474 931 1531 Sulpicius
951 1475 1048 1531 eta]
1070 1475 1121 1518 cf.
1151 1474 1271 1518 Oros.
1291 1474 1333 1518 V
1355 1476 1428 1532 19,
1448 1477 1492 1532 6,
1516 1474 1630 1519 Plut.
1651 1475 1756 1520 Sull.
1781 1477 1846 1520 10.

401 1546 504 1589 Lin.
539 1547 756 1603 33-35]
820 1545 943 1589 ‘Sine
984 1546 1274 1589 dubitatione'
1310 1545 1382 1604 (cf.
1422 1546 1536 1590 Hist.
1568 1545 1634 1590 HI
1665 1548 1711 1605 53
1753 1546 1846 1606 Iug.

285 1619 356 1674 62,
382 1616 442 1675 9),
475 1618 787 1660 ‘crudelitatem
819 1617 1026 1660 exercere'
1060 1616 1238 1675 (similia
1272 1616 1362 1660 Cat.
1389 1618 1428 1675 8,
1453 1618 1499 1675 53
1530 1618 1600 1675 51,
1627 1620 1700 1676 16,
1730 1617 1845 1662 Hist.

282 1687 326 1730 II
351 1690 422 1745 47,
446 1687 508 1746 4),
540 1689 712 1746 ‘genera
738 1689 1019 1732 crudelitatis’
1047 1687 1206 1746 (simile
1233 1688 1323 1732 Cat.
1350 1689 1420 1746 51,
1448 1690 1521 1746 183
1551 1688 1664 1732 Hist.
1692 1688 1736 1732 Π
1757 1689 1846 1748 70),

286 1759 440 1802 ‘civilis
474 1761 713 1818 sanguinis’
745 1759 802 1819 (v.
835 1759 887 1817 S.)
919 1760 1106 1803 sermoni
1139 1759 1403 1804 Sallustiano
1440 1760 1717 1819 respondent,
1755 1775 1847 1804 sen-

282 1830 462 1873 tentiam
494 1846 693 1888 compara
725 1847 821 1875 cum
851 1831 964 1874 Hist.
989 1830 1011 1874 I
1036 1832 1105 1889 55,
1130 1832 1174 1874 5:
1207 1832 1309 1874 ‘non
1333 1833 1401 1874 tot
1433 1831 1695 1876 exercituum
1727 1832 1845 1876 clade

280 1917 419 1958 neque
451 1904 676 1946 consulum
696 1937 705 1946 .
727 1939 734 1946 .
757 1939 764 1946 .
786 1939 795 1946 .
827 1902 1036 1946 satiatus'.

399 1974 503 2016 Lin.
532 1976 586 2017 36
608 1975 719 2030 sqq]
781 1974 837 2017 M.
863 1974 991 2016 Marii
1015 1976 1198 2016 mortem
1223 1974 1455 2016 secundum
1478 1974 1648 2017 Livium
1671 1990 1846 2019 narrare
1901 2018 1906 2026 „

282 2044 469 2102 videtur,
500 2045 584 2088 sed.
617 2046 668 2088 cf.
702 2046 827 2088 ‘elisa
859 2048 959 2087 sunt
995 2044 1114 2100 prius
1145 2045 1288 2087 crura'
1321 2060 1417 2087 cum
1460 2045 1561 2088 Sall.
1591 2045 1706 2089 Hist.
1735 2045 1757 2088 I
1787 2049 1846 2090 44

284 2116 373 2158 ‘cui
404 2117 541 2159 fracta
572 2117 692 2172 prius
724 2116 880 2172 crura',
912 2116 1041 2158 etiam
1073 2115 1259 2158 ‘damnis
1290 2116 1545 2159 fluentibus'
1583 2115 1845 2160 Sallustiana

284 2190 348 2229 est
380 2203 476 2244 vox,
508 2188 559 2231 cf.
590 2188 703 2230 Hist.
735 2187 776 2230 V
808 2187 875 2230 25.

399 2259 503 2302 Lin.
534 2260 610 2302 45:
641 2258 885 2301 Atrocitate
916 2258 1156 2316 grassatus]
1207 2258 1267 2301 Et
1298 2258 1523 2316 grassandi
1552 2259 1731 2303 verbum
1771 2259 1843 2318 (cf.

284 2329 376 2387 Iug.
409 2332 477 2381 64,
509 2329 556 2389 5)
588 2333 631 2373 et
661 2330 903 2373 atrocitatis
935 2328 1006 2388 (cf.
1040 2329 1130 2373 Cat.
1163 2331 1231 2387 22,
1265 2331 1308 2387 3,
1351 2329 1444 2387 Iug.
1477 2331 1545 2386 27,
1579 2331 1621 2387 1,
1666 2331 1763 2388 102,
1796 2330 1843 2389 7)

282 2417 306 2443 a
338 2400 544 2444 Sallustio
576 2402 691 2444 haud
727 2402 924 2446 alienum.
966 2429 1026 2434 -
1067 2401 1119 2445 In
1148 2400 1512 2458 proscriptionum
1549 2401 1710 2444 tabulis
1753 2418 1844 2446 mu-

280 2472 406 2515 lieres
438 2472 604 2515 Sullam
645 2473 863 2516 rettulisse
895 2489 917 2516 e
946 2474 1070 2517 Livio
1108 2476 1251 2516 ortum
1282 2487 1374 2515 esse
1403 2472 1584 2529 videtur,
1615 2472 1666 2515 ef.
1699 2472 1840 2518 Valer.

281 2544 393 2587 Max.
424 2543 487 2587 IX
519 2546 564 2601 2,
603 2546 644 2587 1;
686 2543 919 2587 ‘Adversus
958 2545 1158 2588 mulieres
1197 2559 1366 2600 quoque
1397 2542 1565 2601 gladios
1603 2543 1843 2603 destrinxit,

283 2616 407 2672 quasi
437 2631 590 2671 parum
622 2615 823 2658 caedibus
854 2616 1046 2658 virorum
1077 2615 1287 2658 satiatus’.

398 2687 503 2729 Lin.
529 2688 604 2730 48:
635 2686 881 2729 Humanum
907 2686 1061 2743 genus]
1095 2686 1263 2742 saepius
1289 2685 1402 2741 apud
1427 2684 1692 2744 Sallustium,
1722 2687 1840 2730 velut

282 2757 374 2814 Iug.
409 2759 447 2814 1,
480 2759 523 2814 13
556 2759 595 2814 2,
627 2758 671 2815 3,
702 2756 815 2800 Hist.
845 2756 867 2799 I
899 2758 972 2813 24,
1004 2757 1073 2814 55,
1105 2759 1143 2800 6.

399 2829 503 2871 Lin.
535 2830 591 2872 49
612 2843 692 2884 sq.:
723 2828 815 2872 Nec
844 2853 903 2859 —
933 2853 992 2858 -—
1023 2827 1223 2883 satiatur]
1257 2827 1308 2870 cf.
1339 2826 1451 2870 Hist'.
1481 2825 1504 2869 I
1535 2827 1606 2884 55,
1636 2828 1675 2870 5.

398 2900 503 2943 Lin.
535 2900 593 2943 50
613 2900 723 2956 sqq]
781 2898 1044 2942 Sententiam
1067 2899 1188 2941 illam
1214 2899 1448 2941 ‘Romanus
1472 2898 1547 2941 ille
1569 2899 1756 2955 populus
1780 2925 1839 2931 —
