1976 3190
2 1142 3 1147 Α
0 1089 5 1109 -.-
0 966 8 1079 -s—m»...
3 948 7 957 ,

14 884 42 1018 '‘cus-*5
19 812 38 875 »ιγ
23 778 38 802 51«
24 752 31 766 -
27 700 35 730 0.
28 671 30 674 ,
24 651 32 658 ,

754 154 982 201 Fragmenta
1002 158 1177 192 98—100.
1669 156 1752 199 103

163 252 444 321 'consumpsi
511 264 685 322 Reliqui
715 280 792 308 vos
829 263 951 307 estis:
997 264 1072 319 qui
1113 265 1197 308 nisi
1238 265 1491 323 subvenitis,
1535 265 1672 309 invito
1709 268 1753 309 et
1776 278 1817 310 10

183 336 458 393 praedicente
476 352 545 380 me
565 337 779 381 exercitus
802 335 904 378 hinc
927 338 970 378 et
993 351 1090 378 cum
1116 351 1165 379 eo
1187 352 1312 380 omne
1333 337 1497 380 bellum
1516 337 1753 394 Hispaniae

182 407 230 452 in
258 406 430 452 Italiam
460 407 870 467 transgradien[tur.9
1766 414 1827 460 (D)
1845 419 1860 449 1

299 479 393 523 Hae
423 480 594 524 litterae
626 479 841 537 principio
873 479 1104 536 sequenftis
1135 480 1235 522 anni
1267 481 1470 524 recitatae
1502 482 1546 523 in
1578 480 1752 540 senaltu.

181 550 488 602 Sedeonsules
513 553 704 596 decretas
731 553 737 609 Ι
765 568 790 595 a
813 551 1015 608 patribus
1040 551 1284 608 provincias
1309 551 1435 609 in2ter
1461 570 1504 596 se
1531 569 1752 609 paravere:
1773 565 1794 596 5

98 680 106 683 „
183 622 310 667 Cotta
342 623 537 683 Galfliam
576 625 818 668 citeriorem
854 623 1027 680 habuit,
1062 624 1066 679 Ι
1102 623 1295 666 Ciliciam
1328 624 1542 668 Octavius.
1605 626 1717 668 Dein
1745 625 1749 684 Ι

180 696 369 752 proximi
401 697 598 740 consules
628 697 674 740 L.
706 695 924 754 Luffcullus
960 698 1003 738 et
1033 694 1089 738 M.
1123 695 1250 738 Cotta
1280 695 1439 739 litteris
1468 698 1472 753 Ι
1500 697 1751 754 nuntiisque
1774 710 1816 740 10

179 767 363 825 Pompei
401 767 604 827 gravther
638 768 826 826 perculsi
865 783 962 812 cum
999 782 1190 810 summae
1225 768 1230 824 Ι
1264 767 1325 810 rei
1367 768 1508 826 gratia
1545 771 1658 825 tum,
1698 785 1751 812 ne

180 838 384 899 exerciltu
414 839 460 883 in
489 840 660 884 Italiam
692 841 873 883 deducto
910 854 1049 896 neque
1078 840 1083 895 Ι
1110 839 1205 882 laus
1236 854 1313 882 sua
1343 855 1483 896 neque
1522 841 1711 898 dignitas
1745 840 1750 899 Ι
1776 853 1816 884 15

179 914 310 968 esset,
352 912 469 955 omni
510 913 637 956 modo
678 911 955 969 stipenfdium
991 912 1092 966 <e>t
1132 912 1485 968 supplementum
1523 911 1752 970 palravere,

171 982 392 1027 adnitente
429 985 629 1042 maxime
666 984 915 1040 nobilitate,
957 983 1078 1038 cuius
1115 983 1324 1041 plerilque
1357 984 1443 1027 iam
1475 987 1568 1027 tum
1599 985 1750 1042 lingua
1770 998 1814 1029 20

170 1055 376 1099 ferociam
403 1056 409 1113 Ι
438 1071 560 1099 suam
591 1060 634 1100 et
666 1057 781 1100 dicta
812 1056 938 1099 factis
969 1054 1344 1114 seque]<bantur>.

295 1166 351 1199 10.
376 1162 469 1210 nisi]
493 1162 576 1198 nise
601 1164 648 1199 A.
669 1185 714 1189 —
737 1162 874 1210 invito]
902 1162 1022 1198 etvito
1048 1162 1094 1198 A.
1116 1184 1161 1189 —-
1180 1162 1440 1210 praedicente]
1466 1163 1683 1209 predicente
1703 1164 1749 1200 A.

173 1232 218 1238 —
245 1209 352 1258 hinc]
377 1210 440 1246 hic
458 1211 507 1257 A,
532 1223 624 1248 corr.
649 1212 804 1256 fortasse
829 1223 926 1247 man.
952 1222 1018 1247 sec.
1043 1232 1086 1236 —-
1113 1209 1283 1258 Italiam]
1309 1210 1423 1247 Italia
1442 1213 1479 1247 A
1503 1224 1601 1249 man.
1623 1225 1683 1258 pr.
1706 1234 1749 1239 —

172 1258 520 1307 transgradientur]
545 1261 598 1296 sic
622 1260 670 1304 A,
696 1258 1024 1306 transgredientur
1050 1259 1089 1294 V.

290 1306 468 1344 Golwmma
493 1312 636 1354 quarta.
672 1329 715 1333 —-
749 1312 780 1343 3.
807 1307 1008 1354 recitatae]
1034 1306 1193 1342 recitate
1220 1307 1265 1343 A.
1302 1329 1345 1333 -
1378 1311 1410 1343 4.
1439 1308 1521 1355 sed]
1549 1310 1606 1344 set
1631 1308 1677 1345 A.
1706 1331 1749 1335 —

172 1358 205 1391 6.
230 1356 430 1403 paravere]
463 1355 653 1402 partivere
685 1357 777 1392 coni.
805 1356 982 1401 Wo'lfflin.
1018 1377 1061 1381 —
1096 1358 1126 1391 7.
1154 1354 1382 1403 citeriorem]
1414 1355 1633 1392 ulteriorem
1657 1359 1748 1393 eom'.

171 1403 330 1448 Hauzer,
348 1404 590 1449 confwnde‘ns,
609 1405 765 1448 credam,
787 1415 906 1439 annos
926 1406 973 1439 74
992 1408 1025 1439 et
1045 1405 1102 1440 73.
1124 1425 1175 1445 -,
1190 1407 1221 1439 9.
1247 1403 1425 1452 proximi]
1445 1404 1618 1450 proxumi
1637 1405 1683 1440 A.
1706 1419 1749 1431 ·—-

175 1454 230 1487 11.
257 1450 431 1499 Pompei]
455 1452 508 1488 sic
526 1454 573 1488 A.
601 1474 644 1478 -—
673 1455 728 1487 12.
756 1452 939 1499 summae]
961 1462 1103 1486 summe
1122 1453 1169 1487 A.
1191 1473 1235 1477 —
1261 1456 1314 1488 17.
1347 1452 1486 1498 Quinta
1506 1452 1564 1499 (E)
1590 1455 1749 1489 evanuit.

171 1520 218 1526 --
244 1498 559 1547 supplementem]
590 1499 866 1546 suplementum
891 1502 938 1535 A.
972 1520 1016 1525 —
1050 1503 1105 1535 21.
1133 1499 1339 1536 Postremae
1370 1501 1545 1544 incertae,
1577 1505 1643 1536 aut
1669 1500 1748 1544 Q‘E

169 1551 238 1585 aut
262 1546 350 1591 Q-E
379 1548 466 1594 (que
491 1550 526 1595 e)
557 1553 623 1585 aut
649 1547 687 1583 M
720 1550 830 1584 lectae
859 1552 963 1592 sunt,
995 1547 1250 1592 sequebantur
1281 1549 1413 1594 optime
1443 1550 1563 1594 suppl.
1592 1549 1748 1586 Hauler.

516 1692 807 1747 Fragmenta
838 1693 1039 1748 incerta,
1072 1692 1138 1736 fr.
1164 1692 1402 1739 99—114.

292 1776 511 1821 Incertum
544 1792 732 1834 quonam
770 1777 902 1820 fuerit
937 1780 1193 1835 argumento
1226 1778 1276 1820 fr.
1303 1778 1378 1834 52,
1416 1777 1567 1821 deinde
1600 1779 1749 1822 obscu-

169 1865 267 1894 rum
298 1865 428 1907 quam
460 1850 514 1892 ad
545 1865 637 1893 rem
669 1852 836 1906 spectet
862 1850 993 1892 etiam
1022 1850 1073 1892 fr.
1098 1851 1158 1892 42
1185 1849 1359 1892 initium
1385 1853 1464 1896 est,
1494 1851 1570 1893 sed
1594 1851 1749 1894 utrius-

171 1937 255 1979 que
291 1921 526 1980 fragmenti
563 1924 680 1965 certa
717 1921 1032 1978 quodammodo
1071 1921 1192 1964 sedes
1230 1922 1423 1978 putanda
1461 1925 1537 1965 est.
1599 1923 1665 1965 Ex
1697 1923 1750 1966 iis

172 2008 282 2051 quae
313 1996 518 2038 secuntur
548 1993 804 2052 fragmentis

292 2065 347 2108 ad
376 2079 442 2109 res
472 2066 573 2109 bello
603 2080 653 2109 ae
674 2067 834 2121 paynis
860 2069 997 2122 qestas
1029 2067 1228 2121 spectant
1259 2066 1315 2108 fr.
1343 2067 1562 2123 99—105,

296 2137 449 2180 deinde
473 2139 522 2181 de
545 2138 824 2181 obsidionibus
849 2137 1108 2194 quibusdam
1133 2137 1205 2194 agi
1231 2137 1401 2180 videtur
1425 2138 1481 2181 fr.
1505 2139 1750 2195 106—108,

292 2209 476 2266 denique
505 2210 637 2265 ignoti
667 2211 901 2265 myamenti
932 2210 1200 2265 obscuraque
1232 2212 1333 2252 sunt
1364 2210 1420 2253 fr.
1450 2211 1695 2254 109—114.

290 2317 370 2362 99.
430 2317 583 2361 Parte
626 2318 946 2376 legio<num>
990 2317 1185 2361 flumen
1229 2318 1533 2362 transducta
1578 2322 1749 2362 castra

171 2389 428 2434 dilatavit.

290 2497 398 2544 App.
437 2496 486 2542 (Π
505 2499 550 2531 57
563 2496 607 2541 D,
629 2500 674 2531 66
687 2496 732 2542 K,
753 2499 798 2532 48
813 2495 870 2543 Gr.)
891 2517 935 2522 —
959 2496 1064 2532 Arus.
1084 2509 1119 2542 p.
1142 2499 1221 2533 513.
1242 2498 1254 2543 ΙΙ
1273 2498 1386 2533 Parte
1406 2497 1614 2545 legionum]
1635 2510 1747 2543 parco

171 2543 274 2592 legio
299 2545 350 2590 N,
380 2555 500 2591 parva
531 2546 623 2581 coni.
647 2545 775 2588 Kritz,
806 2544 917 2580 Pario
947 2544 1119 2590 Gerlach,
1149 2547 1281 2591 ponte,
1314 2547 1496 2591 pontone,
1529 2557 1668 2591 parone
1694 2547 1750 2582 vel

171 2593 287 2629 barca
306 2593 467 2638 Dietsch,
492 2594 600 2639 parte
620 2592 781 2638 legionis
803 2593 901 2636 Keil,
926 2592 1118 2638 legionum
1143 2594 1269 2629 malui.
1314 2595 1440 2639 Ipsam
1460 2595 1634 2640 leyionem
1653 2595 1746 2630 (lila-

170 2645 264 2678 taese
288 2645 410 2678 casbra
441 2653 466 2677 a
491 2641 665 2677 Sallustio
696 2642 833 2677 dietum
869 2652 941 2677 esse
977 2642 1099 2677 manus
1129 2642 1206 2678 veri
1230 2642 1347 2677 simile
1376 2643 1537 2685 videtur,
1575 2643 1748 2688 quoniam

170 2690 304 2726 talium
326 2700 463 2735 semper
486 2689 560 2733 fere
583 2700 706 2725 rerum
734 2693 862 2725 auctor
887 2690 1084 2735 imperator
1108 2691 1292 2735 appellari
1321 2691 1409 2725 solet
1415 2704 1428 2733 ,·
1460 2701 1571 2735 quare
1596 2691 1747 2726 abiectis

171 2741 368 2775 ceterorum
391 2737 608 2774 coniecturis
634 2737 800 2772 Keiliam
822 2737 898 2781 fere
921 2741 1064 2773 secutus
1087 2748 1178 2773 swm.

1071 2793 1093 2818 ο

295 2833 404 2879 100.
467 2833 594 2877 Suos
626 2833 830 2890 equites
860 2834 1099 2878 hortatus
1131 2835 1256 2877 vado
1290 2834 1595 2878 transmisit.

289 2941 396 2987 App.
448 2940 495 2986 (ΙΙ
515 2944 559 2976 62
575 2939 619 2986 D,
647 2943 688 2976 71
705 2940 749 2986 K,
775 2943 821 2976 49
836 2940 879 2986 G,
905 2941 922 2975 I
946 2952 982 2987 p.
1002 2945 1070 2977 471
1086 2941 1161 2987 Br.)
1188 2962 1232 2968 —-
1258 2941 1365 2977 Arus.
1392 2953 1428 2987 p.
1450 2944 1529 2977 513.
