1976 3190
753 154 980 200 Fragmenta
1006 155 1735 197 11—14.7

23 265 25 267 ’
98 242 146 313 3
167 254 169 257 ¹
189 245 206 274 ψ’
245 278 298 302 ’.-.
312 292 321 301 .
336 292 345 300 .
360 292 368 300 .
394 262 534 300 infidae
568 262 642 299 fuit
690 274 758 300 om.
792 263 916 310 maye,
951 273 1042 309 quae
1072 274 1154 299 cum
1187 264 1334 310 obliqua
1363 263 1528 299 oratione
1556 263 1689 307 afferat
1719 274 1738 298 e

107 312 141 337 Γ*
185 321 189 325 ’
280 340 282 343 .
315 312 322 320 ·
354 309 589 359 Augustmus
665 313 728 356 18,
746 321 834 347 sane
853 311 895 346 in
913 321 951 347 eo
951 275 1094 358 qlegisse
1112 312 1265 348 videtur.
1282 333 1329 337 —
1345 310 1489 358 servili]
1510 309 1649 346 servuli
1666 310 1741 347 ΟΡ

93 377 202 411 1,),
215 386 219 389 .
305 359 314 368 ⁸
347 381 396 386 —
418 359 570 414 plebem
594 358 782 405 exercere]
807 359 935 412 patres
961 370 996 404 p.
1024 369 1054 394 e.
1081 359 1221 395 abbrev.
1243 359 1286 403 P,
1310 360 1438 405 patres
1464 370 1494 394 c.
1525 358 1555 395 0
1579 359 1734 395 Donati

87 439 89 441 ,
112 413 122 434 3,
144 405 388 492 ὅρῳ-0111111111
419 406 590 444 saevitiis
641 406 778 453 quibus
810 404 959 452 agitata
990 405 1160 441 saevitiis
1193 387 1312 442 Krit'z.
1344 428 1391 432 ——
1421 406 1565 460 fenore]
1596 405 1736 442 fenoris

421 459 550 492 contra
569 455 596 491 lt
640 466 688 492 08.
702 475 750 480 —
763 455 802 490 et
820 453 999 489 militiam
1018 453 1150 507 simul]
1166 453 1277 489 simul
1297 455 1334 490 et
1353 453 1531 489 militiam
1551 455 1668 502 vulyo.
1689 476 1736 480 —

54 477 126 547 ,ι
101 459 279 542 stim.
273 501 348 539 sibi
390 502 477 539 AF
489 503 646 550 Auyust.
666 502 742 538 III
754 504 814 547 17,
839 502 876 537 A
895 502 946 536 II
960 504 1020 546 18,
1046 500 1150 536 sibi·
1139 513 1223 537 iura
1244 501 1284 536 F
1297 503 1349 537 ΙΙ
1362 505 1423 547 18,
1441 503 1558 549 vulyo.
1579 523 1626 527 —
1645 501 1735 547 quia

17 555 19 558 ’
163 560 292 594 maus
316 561 348 587 e.
369 562 404 596 q.
426 551 471 599 s.]
496 561 589 598 quae
618 551 767 597 obliqua
798 550 962 586 oratione
981 550 1131 595 praebet
1155 550 1389 596 Auyusti‘nus
1420 550 1533 594 V12,
1566 549 1737 586 Sallustii

163 599 479 655 ουνὸαοοηίίωονς
501 599 729 646 negaverim
753 602 878 634 utrum
902 598 1118 634 sententiam
1136 598 1295 633 eiusdem
1313 609 1403 643 expo
1405 598 1521 633 imant
1545 610 1597 634 an
1610 599 1736 644 potius

78 645 83 653 ¹
111 659 113 662 ’
160 646 284 705 W
311 646 502 695 Auyuetm
501 647 518 683 i
546 646 740 683 exhibeam
769 646 1086 692 contemplationes
1115 646 1309 689 nescimus,
1344 646 1386 680 in
1416 650 1585 681 contemtu
1615 650 1736 683 autem

75 677 111 754 {²3
162 694 325 735 mre
347 705 395 732 ea
415 706 499 733 cum
522 694 648 751 ceteris
670 694 871 731 editoribus
893 694 1022 729 melius
1047 693 1150 730 dumi

174 784 210 794 ”
286 778 364 825 12.
423 778 703 836 Postquam
757 781 953 821 remoto
1011 780 1148 821 metu
1197 777 1390 820 Punico
1441 777 1736 821 simultates

0 852 2 909 ἶ
164 851 403 906 'cicrcere
421 865 634 894 vacuum
652 850 773 907 fuit,
798 849 1053 906 plurimae
1072 849 1273 905 turbae,
1299 848 1583 892 seditiones
1602 851 1652 891 et
1676 849 1735 891 ad

6 923 8 925 ¹
151 921 480 983 {postremum
504 922 645 966 bella
669 921 848 966 civilia
873 925 986 965 orta
1005 924 1144 979 sunt,
1168 921 1281 964 dum
1306 920 1456 977 pauci
1475 923 1734 976 potentes,

162 1009 376 1058 quorum
401 995 454 1038 in
477 994 698 1053 gratiam
724 994 963 1051 plerique
989 995 1369 1049 concesserant,
1402 992 1494 1035 sub
1520 992 1738 1035 honesto

63 1116 66 1123 ,
162 1069 368 1126 patrum
403 1069 492 1110 aut
526 1066 700 1123 plebis
735 1066 940 1109 nomine
978 1065 1358 1127 domjnationes
1395 1063 1739 1115 affectabant,

54 1163 56 1170 ·
91 1136 93 1138 ’
160 1138 391 1197 bonique
422 1141 472 1182 et
502 1138 623 1181 mali
656 1137 794 1181 cives
825 1137 1081 1194 appellati
1112 1152 1212 1180 non
1244 1137 1306 1180 ob
1338 1135 1522 1179 merita
1553 1134 1604 1177 in
1635 1150 1738 1177 rem

162 1207 426 1271 publicam
457 1209 696 1254 omnibus
727 1209 928 1266 pariter
958 1208 1240 1265 corruptis,
1278 1207 1366 1251 sed
1402 1206 1478 1251 uti
1517 1205 1738 1263 quisque

99 1276 102 1279 ’
158 1279 615 1346 locupletissimus
658 1284 708 1325 et
750 1281 943 1325 iniuria
985 1280 1226 1336 validior,
1278 1279 1398 1336 quia
1440 1277 1738 1335 praesentia

162 1354 492 1418 defendebat,
523 1369 616 1411 pro
649 1354 783 1398 bono
815 1353 1112 1398 ducebatur.

187 1449 389 1534 uam‚App
413 1448 466 1496 <1
485 1447 587 1495 10D,
615 1448 718 1494 11K,
745 1451 789 1483 12
805 1446 848 1494 G,
874 1447 934 1494 Ip
938 1451 1035 1484 ,262
1050 1447 1124 1501 Br)
1145 1468 1189 1473 —-
1212 1445 1356 1482 Gellius
1374 1445 1427 1480 IX
1448 1448 1586 1491 12,15:
1615 1445 1736 1480 ‘Post—

369 1507 561 1534 .vacuum
578 1477 757 1533 ’111113-
782 1459 983 1542 Augustin.
1012 1495 1058 1531 de
1084 1507 1154 1531 civ.
1175 1493 1246 1530 Dei
1270 1494 1323 1529 111
1346 1474 1686 1539 172‘p1urimae..

163 1545 399 1583 ducebatur?
432 1566 478 1572 —
509 1544 669 1591 Arus.p
706 1544 816 1579 462‘
825 1555 1012 1590 quorum.
1095 1542 1412 1579 ..'concesserant
1445 1544 1458 1587 u
1488 1540 1528 1576 in
1555 1540 1736 1588 gratiam]

160 1593 290 1642 gratia
313 1593 360 1632 N
378 1593 573 1631 Ameicmi.
599 1614 647 1619 —
642 1556 903 1640 ppraesentia]
928 1573 1121 1638 placentia
1145 1592 1238 1628 coni.
1265 1590 1426 1627 Dietsch.

284 1676 362 1725 18.
424 1677 659 1723 Omnium
689 1676 917 1735 partium
949 1677 1102 1720 decus
1134 1676 1186 1719 in
1217 1675 1496 1719 mercedem
1527 1688 1736 1730 eorrup-

159 1753 271 1797 tum
298 1752 422 1796 erat.

281 1843 390 1892 App.
440 1844 472 1892 (1
490 1847 537 1881 18
548 1843 594 1890 D,
618 1843 664 1891 K,
689 1843 707 1880 1
725 1847 771 1880 32
786 1843 844 1891 0,.)
870 1865 916 1871 -
942 1843 1050 1880 Arus.
1076 1855 1112 1890 p.
1133 1845 1214 1879 484.

282 1909 450 1951 Comm.
499 1909 771 1949 Antecedente
799 1909 1027 1962 fragmento
1053 1922 1144 1948 cum
1170 1908 1379 1948 doceretur
1403 1907 1611 1959 factiones,
1638 1913 1735 1957 qua-

161 1983 255 2012 rum
277 1969 500 2012 discordiae
524 1970 571 2008 fr.
597 1971 646 2008 11
677 1969 880 2020 expositae
907 1971 1012 2021 sunt,
1044 1982 1125 2009 non
1150 1968 1233 2007 iam
1257 1970 1305 2007 ut
1330 1970 1450 2007 antea
1475 1980 1547 2018 pro
1573 1968 1737 2017 patrum

42 2054 47 2062 ·
74 2034 79 2040 '
137 2030 343 2101 plebeive
372 2031 574 2082 potestate
605 2030 794 2082 certasse,
832 2030 901 2069 sed
931 2029 1112 2081 singulos
1143 2028 1427 2068 dominationis
1464 2027 1630 2077 cupidos
1662 2026 1735 2065 sub

160 2090 322 2133 nomine
363 2091 526 2130 tantum
567 2091 731 2141 patrum
774 2092 848 2129 aut
889 2089 1018 2141 plebis
1062 2101 1178 2129 suam
1222 2101 1420 2139 quemque
1463 2100 1548 2126 rem
1588 2099 1736 2138 augere

151 2150 355 2204 voluisse,
380 2150 460 2191 hoc
489 2150 780 2203 fragmentum,
813 2163 894 2201 quo
926 2149 1103 2189 eiusdem
1135 2148 1402 2199 corruptionis
1434 2159 1569 2187 omnes
1600 2148 1735 2197 partes

160 2211 204 2252 in
232 2210 467 2252 universum
497 2211 738 2262 arguuntur,
769 2210 995 2262 fragmento
1019 2211 1072 2248 12
1099 2203 1425 2261 subiungendum
1455 2219 1539 2246 esse
1565 2206 1733 2246 videtur.

283 2301 393 2350 14³⁸.
452 2301 679 2359 Apertae
710 2304 909 2358 portae,
941 2300 1143 2357 repleta
1174 2315 1293 2343 arva
1323 2299 1627 2343 cultoribus.

279 2397 387 2446 App.
431 2397 520 2444 (Inc.
547 2396 650 2443 26D‚
676 2395 728 2432 III
755 2398 799 2431 ⁷4
812 2395 857 2443 K,
883 2396 900 2431 Ι
921 2399 986 2431 131
1004 2394 1047 2442 G,
1073 2395 1108 2431 Π
1126 2408 1161 2442 p.
1184 2398 1252 2431 156
1266 2394 1341 2441 Br.)
1368 2415 1412 2420 —
1438 2394 1540 2430 Serv.
1567 2393 1616 2429 ad
1641 2392 1732 2429 Aen.

160 2446 196 2484 Π
214 2449 271 2484 27.
290 2409 470 2493 'poi-tae]
495 2456 562 2482 om.
591 2444 628 2481 Ο.

281 2510 450 2552 Oomm
512 2509 624 2558 Quae
653 2509 776 2550 verba
807 2509 859 2548 ad
889 2509 1034 2548 Italiae
1064 2508 1266 2548 inferioris
1298 2507 1589 2558 Campaniaeve
1622 2506 1733 2557 oppi-

161 2572 259 2613 dum
297 2570 463 2624 aliquod
500 2572 679 2622 spectare
718 2582 742 2608 a
781 2569 966 2622 fugitivis
1009 2569 1142 2609 subito
1181 2580 1415 2620 oppressum
1452 2567 1733 2619 direptumque

159 2631 374 2673 Debrossio
406 2632 570 2672 auctore
595 2629 707 2669 Kritz
739 2629 928 2682 defendit,
959 2629 1101 2669 iisdem
1133 2628 1293 2669 omnino
1326 2641 1405 2667 non
1430 2627 1550 2665 unius
1583 2625 1732 2678 oppidi,

161 2691 231 2733 sed
259 2691 388 2733 totius
411 2690 587 2744 regionis
613 2689 786 2729 alicuius
817 2661 1090 2730 condicionem
1121 2688 1288 2728 describi
1320 2686 1513 2726 existimo
1567 2685 1734 2725 Accedit

163 2751 271 2804 quod
300 2751 351 2792 113
381 2751 430 2791 de
461 2750 608 2803 quibus
632 2749 746 2788 Kritz
777 2740 974 2802 cogitavit
1003 2748 1250 2801 temporibus
1280 2747 1390 2798 pacis
1422 2746 1593 2798 speciem
1618 2758 1731 2796 prae-

158 2810 295 2852 buisse
330 2811 476 2851 Italiae
520 2809 668 2861 oppida
706 2809 869 2849 minime
914 2809 992 2849 dici
1031 2809 1177 2860 potuit
1246 2807 1376 2854 Quare
1418 2803 1529 2856 (cum
1569 2805 1732 2844 Italiam

161 2871 311 2912 dictam
342 2883 427 2912 esse
457 2870 543 2911 veri
574 2869 824 2910 simillimum
854 2858 926 2923 sit)
966 2870 1017 2909 ad
1048 2883 1136 2909 eam
1163 2869 1337 2907 aetatem
1368 2867 1567 2917 spectasse
1599 2865 1731 2905 Sallu-

161 2931 287 2973 stium
315 2933 434 2984 puto,
469 2944 552 2983 qua
582 2932 624 2970 et
654 2929 796 2982 opibus
827 2929 1059 2982 divitiisque
1091 2930 1132 2969 et
1162 2927 1340 2980 longiore
1372 2939 1470 2978 pace
1501 2925 1731 2966 felicissima
