1916 3178
50 259 130 316 ’ἶ
126 261 326 318 mm,
374 259 436 302 ita
484 262 534 302 ut
582 274 660 315 pro
709 262 826 301 certo
876 259 1035 301 habere
1084 260 1298 316 possimus
1341 260 1594 303 Sallustium
1643 276 1710 302 res

136 345 197 378 m
192 329 396 377 Sertorio
440 330 539 373 inde
582 330 637 372 ab
680 345 792 372 anno
831 331 887 373 83
932 334 1076 388 gestas
1119 332 1288 387 plenius
1332 332 1560 374 rettulisse.
1635 331 1711 374 Sin

0 400 2 403 ’
137 401 370 449 Sallustius
409 402 462 444 de
499 401 679 445 Sertorii
721 401 944 444 iuventute
986 403 1108 458 quasi
1152 406 1399 446 transcursu
1438 403 1710 458 breviterque

50 476 70 519 .Γῖ
137 473 291 533 egisse·
317 474 504 531 videtur,
526 473 805 518 ‚Plutarchus
845 477 995 516 contra
1036 475 1205 517 easdem
1242 491 1310 518 res
1348 491 1380 518 c.
1408 476 1535 518 2—5
1573 475 1710 517 multo

137 545 351 589 auctiores
391 545 586 602 exhibet,
626 545 967 588 concludendum
1008 549 1074 588 est
1114 562 1202 588 non
1242 562 1264 588 e
1302 546 1506 590 Sallustio
1544 546 1710 589 Plutar-

42 590 66 634 ξ’
137 616 266 661 chum
302 617 410 660 talia
444 616 648 660 hausisse.
711 616 795 659 Sed
832 618 884 659 de
922 618 1131 660 Rhodano
1169 633 1194 659 a
1225 617 1415 660 Sertorio
1453 618 1567 660 bello
1600 618 1709 660 Cim-

83 700 91 707 ‘
137 687 257 732 brice
288 691 558 732 transnatato
590 689 806 731 consentit
844 689 958 732 idem
996 704 1094 732 cum
1124 688 1354 732 Ammiano
1386 690 1635 732 Marcellino
1667 693 1711 732 et

137 759 370 804 scholiasta
388 758 636 818 Vergilii¹)‚
668 775 797 816 quam
828 775 919 802 rem
951 764 1131 817 uterque
1169 776 1191 802 e
1223 761 1401 803 Liviana
1432 761 1618 816 epitome
1650 776 1711 803 re-

135 830 313 888 petiisse
342 831 560 888 putandus
591 834 668 874 est.
729 831 842 874 Livii
874 832 1010 889 igitur
1041 832 1152 874 libro
1179 833 1235 875 67
1269 832 1400 874 etiam
1431 832 1711 875 Plutarchum

137 902 244 946 haec
275 903 432 946 debere
462 903 579 946 haud
609 903 867 961 negaverim.
930 903 1041 946 Item
1073 919 1181 960 quae
1219 904 1271 946 de
1309 904 1438 946 rebus
1470 905 1550 946 sub
1582 904 1710 946 Didio

44 984 60 1011 ’-
138 975 186 1019 in
219 975 432 1032 Hispania
475 975 612 1033 gestis
654 979 802 1018 narrat
846 991 868 1018 e
900 975 1011 1018 Livii
1055 976 1167 1018 libro
1202 974 1302 1033 70²)
1345 991 1513 1018 sumere
1557 976 1710 1031 potuit.

117 1045 336 1105 Accedit,
375 1047 491 1103 quod
528 1046 574 1090 in
609 1047 822 1090 narrando
860 1047 975 1090 bello
1017 1047 1132 1090 civili
1174 1047 1344 1104 saepius
1384 1063 1482 1090 cum
1513 1047 1711 1103 Appiano

137 1121 183 1162 et
218 1133 297 1163 sua
333 1118 470 1176 ipsius
509 1119 600 1165 vita
630 1118 757 1161 Marii
797 1119 859 1161 ita
890 1119 1110 1176 convenit,
1150 1122 1199 1162 ut
1237 1135 1507 1162 communem
1548 1120 1712 1161 fontem

136 1189 364 1248 Graecum,
403 1190 588 1234 fortasse
620 1190 896 1248 Strabonem,
943 1194 1058 1234 certe
1098 1206 1186 1234 non
1218 1190 1470 1234 Sallustium
1511 1190 1712 1233 habuisse

133 1261 372 1326 videantur.
406 1287 462 1294 —-

188 1360 190 1363 v
253 1334 318 1378 Ut
347 1333 484 1392 igitur
520 1349 732 1377 summam
763 1334 934 1377 faciam:
967 1335 1111 1377 omnia
1145 1350 1254 1391 quae
1285 1350 1318 1377 c.
1346 1335 1463 1378 2—5
1494 1334 1710 1377 continen-

134 1408 219 1462 tur,
241 1409 414 1463 practer
438 1405 624 1448 mediam
649 1406 802 1462 capitis
821 1407 850 1449 4
875 1410 1043 1462 partem
1068 1422 1120 1449 ex
1140 1406 1236 1448 aliis
1256 1406 1538 1462 scriptoribus
1558 1407 1711 1449 hausta

137 1480 257 1535 sunt,
286 1477 410 1521 Livio
442 1478 625 1520 fortasse
663 1493 711 1520 ac
743 1477 972 1535 Strabone,
1004 1493 1101 1521 cum
1133 1478 1362 1522 Sallustius
1399 1478 1468 1520 his
1500 1479 1551 1520 de
1583 1479 1711 1521 rebus

134 1548 369 1592 Plutarcho
399 1564 488 1592 non
519 1549 625 1592 satis
656 1549 833 1606 faceret3
865 1550 940 1592 sed
972 1550 1069 1592 inde
1107 1550 1161 1592 ab
1200 1565 1311 1592 anno
1344 1550 1414 1605 83,
1451 1565 1475 1591 a
1506 1565 1591 1606 quo
1624 1549 1711 1592 Sal-

134 1619 294 1664 lustius
337 1621 449 1664 sicut
485 1620 625 1663 elucet
669 1636 721 1663 ex
758 1621 1071 1678 Exuperantio,
1108 1621 1323 1678 copiosius
1359 1621 1494 1663 vitam
1531 1620 1710 1664 Sertorii

135 1707 334 1736 enarrare
370 1691 530 1748 coepit,
566 1692 607 1734 h.
635 1707 669 1735 e.
708 1693 806 1735 inde
845 1708 870 1735 a
907 1693 1046 1750 capite
1085 1696 1207 1735 sexto
1245 1692 1502 1735 Plutarchus
1541 1708 1710 1749 quoque

135 1779 235 1808 eum
265 1764 431 1807 fontem
461 1763 671 1806 adhibuit.
722 1763 845 1815 Quod
876 1764 962 1806 iam
994 1764 1100 1807 satis
1131 1764 1442 1807 demonstravit
1466 1764 1595 1806 Peter
1618 1779 1710 1820 par-

133 1835 217 1879 tim
246 1835 441 1880 Sallustii
479 1835 736 1893 fragmentis
773 1850 871 1878 cum
901 1835 1135 1879 Plutarcho
1167 1835 1336 1879 collatis
1369 1835 1528 1892 partim
1559 1851 1582 1878 e
1614 1836 1710 1878 Plu-

134 1907 275 1952 tarchi
305 1922 404 1951 cum
434 1906 562 1951 Gellii
593 1910 638 1950 et
668 1907 831 1950 Valerii
868 1907 1047 1950 Maximi
1084 1907 1228 1950 verbis
1266 1907 1564 1964 congruentia,
1602 1923 1710 1964 quae

136 1979 283 2023 onmia
305 1982 498 2036 repetere
523 1979 704 2037 longum
731 1982 807 2022 est.
856 1978 1034 2022 Praeter
1064 1980 1183 2023 locos
1209 1995 1233 2022 a
1258 1979 1413 2022 Petere
1440 1979 1526 2021 iam
1557 1979 1710 2022 allatos

137 2051 269 2095 etiam
304 2051 563 2095 conferenda
594 2054 721 2094 erunt
751 2051 864 2094 Plut.
897 2067 930 2094 c.
958 2053 1005 2095 6:
1045 2051 1169 2103 τέλος
1200 2049 1250 2094 δὲ
1275 2052 1454 2102 Σύλλας
1479 2053 1711 2107 Σκηπίωνι

135 2125 634 2183 παραστρατοπεδεύσας
669 2122 743 2166 καὶ
781 2124 1219 2180 φιλοφρονούμενος,
1250 2124 1310 2174 ὡς
1344 2124 1523 2180 εἰρήνης
1559 2121 1710 2179 ἐσομέ-

136 2211 219 2251 νης
260 2194 491 2254 διέφθειρε
528 2197 579 2239 τὸ
623 2195 871 2253 στράτευμα
919 2194 992 2239 καὶ
1029 2202 1165 2239 ταῦτα
1209 2193 1439 2253 προλέγων
1480 2197 1710 2250 Σκηπίωνι

258 2326 295 2371 1)
319 2323 442 2361 Amm.
467 2323 582 2360 Marc.
602 2324 726 2361 XXIV
745 2329 779 2370 6,
803 2329 840 2361 7:
882 2324 953 2360 ‘Et
977 2323 1136 2360 miratur
1167 2324 1328 2360 historia
1352 2322 1578 2360 Rhodanum
1607 2333 1711 2358 arma

137 2384 178 2420 et
200 2381 360 2420 loricam
388 2383 575 2420 retinente
601 2383 767 2421 Sertorio
798 2385 1058 2420 transnatam’
1087 2386 1175 2428 etc.;
1209 2383 1333 2421 schol.
1360 2384 1467 2419 Bern.
1500 2383 1549 2418 ad
1575 2382 1708 2427 Georg.

137 2440 190 2480 IV
210 2447 297 2481 1⁰8:
325 2444 390 2479 'ut
419 2443 459 2479 in
491 2443 655 2480 historia.
680 2443 866 2480 Sertorius
892 2443 1025 2479 effodit
1050 2444 1176 2490 signa,
1206 2443 1393 2490 pugnavit
1424 2445 1463 2479 et
1488 2443 1609 2479 victus
1634 2443 1709 2486 estg

136 2502 201 2540 vix
230 2502 312 2550 ipse
343 2505 386 2540 ut
417 2503 595 2540 evaderet
619 2503 844 2539 Rhodanum
876 2503 1158 2540 transnatavit!
1211 2503 1353 2539 Iniuria
1384 2504 1511 2538 autem
1537 2501 1710 2537 Wolfflin

137 2562 178 2599 in
196 2562 331 2600 Philol.
351 2562 456 2600 XVII
479 2575 515 2609 p.
536 2566 605 2599 547
626 2562 720 2599 haec
739 2563 855 2600 verba
876 2562 1050 2599 Sallustii
1075 2574 1158 2599 esse
1183 2563 1351 2610 putavit3
1378 2562 1418 2597 in
1442 2561 1580 2607 quibus
1606 2560 1710 2606 equi-

138 2621 226 2659 dem
254 2622 420 2670 reperire
451 2622 575 2659 simile
601 2621 823 2659 Sallustiani
855 2622 1037 2659 sermonis
1069 2622 1270 2668 quicquam
1302 2633 1458 2667 nequeo.
1510 2620 1711 2656 Simillimo

62 2691 64 2694 ·
137 2681 251 2718 modo
274 2681 374 2719 Livii
405 2682 466 2719 vel
491 2682 690 2728 Epitomae
724 2681 903 2719 Livianae
936 2684 1113 2729 excerpta
1145 2682 1351 2719 afferuntur
1381 2680 1532 2726 saepius
1563 2692 1586 2716 a
1611 2691 1710 2716 com-

137 2743 351 2780 mentatore
384 2741 545 2787 Lucani,
584 2741 683 2779 sicut
713 2742 748 2777 ΙΙ
778 2746 846 2778 367
883 2742 1083 2788 (Usener.):
1124 2741 1242 2778 ‘dixit
1272 2763 1319 2768 —
1351 2763 1393 2767 —
1429 2762 1469 2766 —
1504 2739 1710 2786 respiciens

137 2800 372 2848 historiam'‚
396 2801 431 2838 V
450 2806 536 2839 577:
566 2801 627 2837 ‘in
651 2801 812 2838 historia
836 2801 997 2848 legitur’
1023 2802 1105 2838 VlII
1127 2806 1213 2837 470:
1247 2802 1310 2836 ‘ut
1334 2799 1494 2836 historia
1518 2799 1659 2835 refert.’

257 2863 296 2908 2)
320 2860 374 2899 Of.
399 2871 477 2907 per.
505 2865 570 2898 ⁷02
613 2860 676 2896 ‘T.
702 2860 835 2897 Didius
866 2860 1066 2907 proconsul
1099 2860 1278 2897 adversus
1310 2858 1517 2895 Celtiberos
1549 2858 1712 2895 feliciter

136 2919 350 2967 pugnavit’
