1916 3178
695 794 1170 851 PRAEFATIO.

63 1048 106 1066 1,
262 997 317 1042 In
333 996 661 1055 Prolegomenis
680 996 782 1039 huic
800 996 978 1040 editioni
1005 1000 1106 1041 ante
1130 998 1213 1041 hoc
1233 998 1456 1042 biennium
1475 1001 1724 1056 praemissis

60 1065 70 1122 ’,5
98 1075 232 1130 j'qua
267 1069 436 1115 ratione
472 1068 754 1112 historiarum
792 1068 948 1112 editori
984 1070 1193 1112 utendum
1230 1073 1344 1114 esset
1380 1071 1562 1115 disserui
1593 1088 1643 1116 ac
1675 1074 1725 1116 de

31 1155 34 1158 ’
57 1135 106 1195 ῑ·Ῐ’
144 1142 302 1210 studiis
339 1157 366 1185 a
401 1140 621 1198 prioribus
659 1140 900 1183 editoribus
926 1141 1076 1184 aliisve
1108 1141 1358 1185 hominibus
1390 1143 1528 1186 doctis
1559 1144 1606 1187 in
1637 1144 1728 1188 Sal-

142 1214 268 1262 lustii
297 1212 504 1260 historias
537 1212 708 1255 collatis
741 1211 969 1268 disputavi.
1019 1213 1118 1256 Duo
1150 1216 1255 1257 tunc
1285 1214 1580 1258 adulescentes
1606 1216 1729 1260 eden-

49 1302 83 1329 ,τ
116 1303 122 1309 <
144 1286 212 1332 dis
233 1285 434 1331 historiis
454 1299 629 1342 operam
647 1287 874 1342 naverunt,
900 1284 1198 1328 Theodorus
1217 1285 1458 1345 Bohnigk
1475 1287 1727 1346 LipsiensiS‚

142 1358 352 1404 Paulus
391 1357 421 1402 J
430 1364 596 1417 firges
635 1357 957 1416 Gottingensis‚
1005 1358 1080 1414 qui
1117 1358 1192 1401 ille
1230 1358 1403 1414 quidem
1441 1359 1576 1403 fiebili
1609 1360 1725 1403 subi-

144 1433 277 1488 taque
307 1445 447 1488 nuper
476 1433 618 1475 morte
649 1429 770 1487 operi
802 1445 881 1473 suo
914 1429 1221 1486 sodalibusque
1265 1434 1456 1489 ereptus,
1499 1431 1570 1475 hic
1601 1432 1726 1476 docta

148 1503 435 1563 diligentique
498 1502 801 1546 dissertatione
864 1502 1026 1558 optime
1086 1517 1202 1545 nunc
1262 1503 1442 1546 meritus
1504 1506 1569 1546 est
1636 1504 1727 1561 „De

145 1574 342 1623 Sallustii
377 1575 650 1620 historiaoeum
686 1575 877 1630 reliquiis
914 1575 1054 1629 capita
1083 1575 1251 1618 selecta“
1282 1575 1492 1631 inscripta
1523 1573 1726 1634 (Einbeck

143 1645 293 1706 1892).
340 1646 550 1692 Attamen
580 1646 778 1703 equidem
809 1661 890 1705 ego
924 1646 1066 1703 operis
1099 1646 1214 1703 quod
1246 1646 1360 1690 subii
1392 1647 1622 1690 consilium
1650 1648 1727 1690 mi-

141 1719 262 1767 nime
285 1719 590 1772 dimittendum
615 1733 708 1762 esse
733 1721 854 1762 ratus
881 1734 987 1762 sum.
1033 1718 1117 1762 Sed
1142 1719 1193 1761 de
1217 1719 1349 1762 variis
1375 1719 1504 1762 rebus
1525 1735 1549 1762 a
1568 1719 1724 1778 Jfirgio

143 1790 192 1836 in
227 1791 380 1836 libello
422 1807 585 1850 magna
623 1791 749 1835 laude
793 1790 925 1849 digno
966 1791 1160 1834 collectis
1201 1791 1492 1848 coniectisque
1529 1791 1644 1834 infra
1678 1793 1726 1835 in
1781 1786 1787 1791 ⁵

144 1862 418 1923 singulorum
453 1863 798 1923 fragmentorum
836 1850 1156 1906 commentariis
1194 1863 1281 1921 egi,
1317 1878 1433 1906 nunc
1471 1863 1643 1919 quidem
1675 1863 1724 1906 de

93 1946 97 1951 '
141 1934 274 1980 huius
315 1935 519 1980 editionis
563 1935 745 1979 consilio
789 1938 920 1991 atque
963 1935 1108 1978 indole
1151 1950 1288 1991 pauca
1326 1949 1394 1977 me
1431 1935 1618 1991 praefari
1655 1950 1726 1978 ne-

78 2007 79 2010 ’
145 2022 264 2052 cesse
295 2010 373 2052 est.

262 2079 440 2137 Duplici
479 2079 738 2137 respondere
768 2078 936 2122 muneri
974 2079 1013 2122 is
1051 2079 1126 2135 qui
1162 2078 1368 2122 historias
1407 2079 1494 2122 edit
1532 2079 1723 2137 cogitur3

141 2166 329 2208 namque
359 2153 605 2211 fragmenta
636 2151 785 2195 ordine
817 2166 895 2194 suo
928 2151 1090 2194 edenda
1121 2154 1251 2207 atque
1277 2153 1488 2208 apparatu
1513 2166 1725 2194 commen-

141 2222 351 2280 tui-iisque
387 2223 640 2268 instruenda
674 2226 718 2266 et
748 2238 817 2266 res
850 2238 959 2279 quae
996 2223 1043 2266 in
1073 2222 1269 2266 historiis
1299 2225 1549 2280 narrantur,
1582 2223 1724 2279 quoad

141 2295 235 2340 eius
266 2296 361 2339 fleri
390 2298 550 2354 potest,
579 2295 870 2339 restituendae
902 2297 1014 2338 sunt.
1064 2294 1273 2338 Attamen
1302 2294 1478 2338 modum
1510 2295 1723 2351 quendam

140 2367 270 2413 nobis
301 2367 476 2424 quidem
506 2360 754 2411 habendum
784 2382 878 2410 esse
909 2367 1109 2410 existimo
1141 2367 1223 2409 hac
1253 2366 1300 2409 in
1329 2366 1549 2424 historica,
1580 2370 1629 2410 ut
1660 2367 1723 2410 ita

141 2438 294 2498 dicam,
324 2439 612 2483 restitutione.
659 2438 812 2495 Itaque
842 2454 897 2482 ne
923 2441 1039 2482 certa
1063 2438 1240 2482 incertis
1266 2438 1502 2495 miscerem‚
1534 2438 1722 2481 disiunxi

142 2510 330 2570 singulis
353 2511 401 2555 in
425 2511 644 2568 capitibus
669 2513 713 2554 et
737 2511 1139 2568 enarrationem,
1171 2526 1301 2566 quam
1332 2510 1455 2566 quasi
1489 2509 1721 2567 imaginem

140 2583 212 2628 vel
248 2598 461 2628 summam
491 2583 773 2626 historiarum
803 2583 925 2642 legas
955 2583 1104 2640 velim,
1141 2585 1184 2626 et
1216 2583 1525 2640 fragmenta3
1558 2581 1721 2639 deinde,

0 2645 11 2696 ῗ
65 2694 68 2699 .
139 2670 197 2701 ne
233 2655 463 2700 admodum
499 2655 805 2699 intumesceret
842 2655 1040 2699 fasciculi
1070 2654 1200 2698 huius
1232 2653 1439 2709 ambitus,
1475 2653 1522 2695 in
1552 2667 1720 2695 enarra-

139 2727 260 2772 tione
294 2742 394 2771 raro
430 2730 604 2772 tantum
641 2730 842 2784 excerpta
872 2726 1136 2771 Sallustiana
1171 2725 1462 2782 posteriorum
1493 2726 1719 2768 auctorum

141 2800 346 2859 excripsi,
382 2800 458 2844 sed
493 2800 601 2844 locis
645 2799 789 2842 allatis
826 2799 1080 2855 plerumque
1117 2797 1375 2856 significavi3
1415 2796 1548 2839 verbo
1590 2798 1718 2840 tenus

140 2871 315 2917 laudavi
350 2871 490 2929 locos,
528 2871 686 2928 quibus
716 2886 806 2914 non
835 2871 964 2914 modo
1002 2885 1070 2914 res
1102 2885 1154 2913 ex
1186 2868 1394 2912 Sallustio
1431 2867 1613 2911 haustae
1643 2868 1719 2911 sed

141 2942 274 2989 etiam
308 2944 449 2988 forma
484 2943 702 3000 verbaque
737 2943 922 3000 repetita
958 2957 1011 2986 ex
1048 2941 1196 2985 eodem
1234 2943 1354 2998 sunt3
1393 2939 1523 2983 simul
1558 2939 1605 2983 in
1634 2939 1718 2984 hoc
