1916 3178
898 150 1183 190 -22—

266 270 376 297 anno
412 255 582 296 demum
615 255 669 296 79
709 269 792 296 una
822 269 918 296 cum
948 253 1122 296 Metello
1160 253 1205 295 in
1234 252 1487 308 Hispaniam
1517 251 1682 295 venisse
1713 252 1821 296 arbi-

265 328 420 380 tratur3
462 325 591 366 immo
639 339 756 380 vero,
804 324 914 366 sicut
950 327 1071 366 acute
1118 323 1314 379 exposuit
1349 322 1575 380 Wilsdorf‚
1620 322 1822 381 quoniam

267 412 291 437 a
321 396 552 438 Plutarcho
592 411 676 437 una
714 410 810 438 cum
840 395 1006 437 Fufidio
1043 395 1270 450 proconsul
1307 393 1548 450 provinciae
1584 394 1822 450 appellatus
1885 415 1899 439 ᾳ

267 470 348 522 est,
388 467 525 508 eidem
556 481 666 508 anno
700 468 756 509 80
786 466 1082 508 attribuendus
1113 465 1311 521 Annique
1342 465 1468 507 Lusci
1505 479 1721 508 successor
1750 465 1822 521 ha:

267 538 429 579 bendus
461 540 536 579 est.
600 536 682 579 Sed
712 537 797 579 iam
828 537 1027 592 deceptus
1051 536 1192 592 Floro,
1222 536 1422 591 periocha
1451 535 1639 591 Liviana,
1668 535 1822 580 Eutro-

188 622 191 624 ·
267 608 338 663 pio
363 605 552 664 Lange')
583 607 764 650 alterum
790 607 871 649 sibi
897 607 1021 649 finxit
1047 607 1296 663 Domitium,
1328 607 1489 649 scilicet
1518 606 1564 648 L.
1583 606 1823 651 Domitium

267 679 598 721 Ahenobarbam
629 679 819 735 legatum
857 678 1067 733 quendam
1098 678 1279 733 Metelli,
1317 693 1442 733 quem
1474 693 1558 720 una
1588 692 1686 720 cum
1714 677 1822 720 Tho-
1892 709 1896 722 2

267 750 386 792 ranio
423 750 567 806 legato
606 749 658 790 ad
688 748 828 791 Anam
864 750 1023 791 flumen
1061 749 1273 791 devictum
1311 764 1401 791 esse
1438 748 1541 791 vult.
1601 747 1662 791 At
1692 761 1824 791 unum

268 821 531 876 eundemque
563 835 654 862 esse
685 819 902 862 hominem
933 820 1000 862 vel
1032 835 1054 861 e
1085 820 1316 862 Plutarcho
1349 819 1557 876 sequitur,
1594 818 1825 862 deindcea

269 908 290 934 e
322 908 367 934 re
399 891 512 947 quod
543 894 706 933 rectum
736 891 869 933 Marci
904 906 1139 946 pronomen
1171 891 1209 933 ei
1241 891 1430 947 assignat
1463 890 1680 946 periocha3
1719 889 1824 932 adde

270 963 382 1018 quod
408 964 586 1016 uterque
605 962 833 1018 Domitius,
859 962 894 1004 si
921 977 1192 1017 sequeremur
1210 962 1433 1019 Langium‚
1458 961 1675 1005 simillimo
1700 961 1825 1004 modo

273 1034 326 1074 ab
351 1032 566 1074 Hirtuleio
599 1048 744 1075 caesus
777 1048 867 1075 esse
898 1031 1191 1089 narraretur.²)
1251 1033 1452 1075 Mendum
1483 1035 1627 1075 autem
1657 1034 1722 1075 est
1753 1034 1826 1074 aut

269 1104 468 1159 Eutropii
500 1103 806 1159 periochaeque
833 1104 1018 1146 auctoris
1049 1107 1122 1146 aut
1147 1104 1366 1160 librorum,
1398 1104 1510 1160 quod
1540 1103 1612 1146 ille
1637 1102 1828 1159 Lucium,

269 1175 374 1217 haec
404 1174 595 1231 legatum
626 1190 723 1217 eum
749 1175 974 1230 appellant.
1035 1174 1184 1230 Neque
1210 1190 1309 1216 vero
1334 1174 1510 1217 Florum
1535 1189 1687 1231 urgere
1710 1173 1829 1231 licet3
1901 1181 1916 1191 ⁸

271 1245 343 1300 qui
376 1260 471 1287 cum
503 1245 736 1300 scripserit:
778 1245 935 1301 ‘prima
966 1261 1041 1300 per
1071 1245 1237 1302 legatos
1267 1245 1415 1303 habita
1446 1245 1694 1302 certamina,
1731 1260 1827 1288 cum

270 1316 370 1357 hinc
395 1315 611 1357 Domitius
643 1318 685 1357 et
716 1315 955 1358 Thoranius
987 1316 1083 1358 inde
1115 1315 1302 1358 Hirtulei
1334 1316 1636 1373 proluderent’,
1667 1316 1827 1372 optime

271 1385 314 1427 id
356 1385 534 1440 quadrat
581 1386 634 1427 ad
674 1386 860 1428 Thorani
901 1387 1088 1428 Hirtulei
1134 1387 1323 1428 Herenni
1365 1387 1522 1444 clades,
1569 1387 1643 1430 sed
1687 1387 1829 1430 minus

243 1456 496 1510 *convenire
542 1456 651 1499 hanc
694 1457 1054 1513 comparationem
1097 1458 1150 1498 ad
1190 1457 1446 1514 Domitium,
1489 1458 1636 1501 rhetor
1676 1458 1830 1501 Florus

270 1526 462 1582 neglexit
506 1542 643 1582 neque
686 1528 850 1570 flosculi
894 1528 1061 1583 pulchri
1107 1528 1246 1585 gratia
1285 1544 1353 1571 res
1393 1529 1566 1571 turbare
1606 1528 1828 1572 dubitavit.

272 1597 434 1639 Similis
477 1598 751 1654 neglegentia
795 1599 1004 1654 epitomae
1046 1614 1213 1655 quoque
1249 1599 1449 1642 Livianae
1489 1599 1715 1642 tribuenda
1753 1601 1830 1655 est,

273 1683 380 1723 quae
411 1667 575 1710 Metelli
607 1671 650 1710 et
680 1669 861 1711 Domitii
893 1669 1195 1725 proconsulum
1233 1669 1523 1725 expeditiones
1558 1684 1604 1712 re
1640 1683 1740 1712 vera
1771 1669 1829 1711 di-

272 1738 405 1781 versis
443 1739 577 1781 factas
615 1739 736 1782 annis
773 1740 996 1783 brevitatis
1034 1755 1160 1782 causa
1197 1740 1317 1796 quasi
1355 1755 1438 1782 uno
1476 1755 1587 1782 anno
1625 1739 1829 1796 complec-

272 1810 460 1865 tebatur,
493 1810 543 1852 cf.
571 1810 688 1853 Oros.
709 1811 750 1853 V
769 1813 838 1867 23,
858 1813 902 1854 3:
935 1810 1170 1854 ‘Adversus
1200 1811 1315 1853 hunc
1347 1836 1399 1841 —
1424 1836 1477 1841 —
1500 1836 1553 1841 -—
1587 1810 1671 1854 duo
1702 1810 1829 1853 duces

273 1880 410 1936 missi,
441 1881 639 1924 Metellus
666 1884 708 1923 et
733 1881 982 1938 Domitius'‚
1015 1885 1057 1924 et
1082 1882 1201 1924 Eutr.
1221 1881 1283 1924 VI
1305 1884 1347 1924 1:
1379 1881 1523 1924 ‘Missi
1555 1883 1654 1924 sunt
1679 1884 1828 1924 contra

277 1966 373 1994 eum
405 1951 531 1994 duces
563 1952 608 2002 Q.
635 1951 842 1995 Caecilius
873 1952 1071 1995 Metellus
1104 1955 1146 1994 et
1179 1953 1260 2006 [L]
1294 1952 1509 1995 Domitius
1539 1951 1738 2008 praetor?

392 2021 518 2065 Anno
556 2023 753 2078 deinceps
787 2025 839 2065 79
883 2023 928 2074 Q.
962 2023 1168 2066 Caecilius
1204 2023 1403 2066 Metellus
1443 2023 1546 2066 Pius
1583 2023 1829 2067 ulteriorem

273 2093 535 2148 provinciam
560 2109 637 2150 pro
664 2094 836 2136 consule
862 2094 1039 2150 adeptus
1066 2097 1142 2150 est,
1173 2096 1221 2136 ut
1245 2093 1411 2135 Fufidio
1437 2093 1550 2136 victo
1575 2094 1828 2137 succederet.

273 2164 437 2206 Eodem
462 2179 572 2207 anno
599 2165 836 2207 Thoranius
861 2165 1029 2221 legatus
1053 2164 1215 2206 Metelli
1242 2179 1289 2206 ac
1314 2163 1574 2222 Domitius3)
1603 2165 1832 2220 proconsul

275 2235 328 2276 ab
368 2235 582 2277 Hirtuleio
627 2235 679 2276 ad
720 2234 860 2277 Anam
904 2235 1057 2277 devicti
1102 2235 1295 2290 caesique
1340 2238 1456 2291 sunt,
1499 2235 1590 2291 ipse
1632 2235 1831 2278 Metellus

275 2322 300 2348 a
340 2305 528 2348 Sertorio
573 2306 740 2361 saepius
783 2307 899 2349 clade
944 2307 1119 2349 affectus
1160 2309 1241 2362 est,
1285 2306 1402 2348 velut
1445 2306 1490 2349 in
1524 2305 1831 2364 Lacobrigae·¹)

395 2411 430 2456 1)
457 2410 506 2446 Et
530 2420 606 2445 una
629 2409 814 2446 Wilsdorf
835 2423 870 2456 p.
894 2414 977 2454 1193
1005 2411 1119 2446 Edler
1143 2423 1179 2456 p.
1202 2416 1256 2447 16.

394 2473 430 2515 2)
457 2471 538 2505 Iure
562 2469 659 2504 hanc
686 2469 900 2515 opinionem
925 2471 1038 2506 antea
1070 2481 1183 2516 quam
1208 2469 1290 2505 lata
1321 2471 1396 2516 est,
1427 2469 1607 2506 refutavit
1637 2469 1714 2506 iam
1739 2471 1830 2506 Dru-

276 2540 390 2563 mann
414 2528 465 2564 IV
489 2539 525 2573 p.
546 2532 612 2563 357
630 2527 714 2564 adn.

395 2589 430 2633 3)
458 2586 663 2622 Domitium
694 2597 791 2622 anno
818 2587 967 2622 demum
993 2591 1037 2623 79
1075 2588 1263 2623 mortuum
1298 2598 1378 2624 esse
1412 2587 1473 2623 vel
1508 2597 1554 2623 ea
1586 2599 1626 2623 re
1661 2588 1830 2634 efficitur,

277 2646 377 2691 quod
403 2650 447 2682 78
472 2645 514 2688 Q.
534 2645 699 2682 Calidius
725 2647 763 2681 in
789 2645 959 2682 citeriore
984 2646 1178 2692 provincIa
1202 2646 1238 2682 ei
1264 2645 1460 2691 successit,
1486 2645 1531 2682 de
1556 2658 1630 2691 quo
1654 2646 1701 2684 cf.
1716 2646 1829 2683 Wils-

277 2705 364 2740 dorf
383 2717 418 2751 p.
442 2709 520 2741 119.

395 2765 431 2810 4)
457 2763 567 2800 Falso
603 2765 730 2800 autem
761 2765 951 2800 Drumann
983 2764 1033 2800 lV
1068 2777 1104 2810 p.
1125 2769 1194 2801 358
1229 2765 1267 2800 et
1296 2764 1494 2800 Neumann
1518 2764 1552 2799 II
1585 2776 1622 2810 p.
1643 2768 1688 2800 29
1713 2764 1829 2800 Laco—

280 2822 410 2869 brigae
449 2823 766 2869 oppugnationem
805 2834 901 2859 anno
940 2823 1151 2858 attribuunt
1186 2827 1246 2867 783
1284 2823 1480 2859 Neumann
1514 2822 1664 2867 quidem
1700 2823 1830 2859 urbem

277 2882 532 2927 Laggobriten
563 2882 611 2917 ad
637 2881 864 2918 Pallantiam
896 2881 1007 2918 sitam
1039 2881 1099 2927 (cf.
1124 2881 1281 2919 Ptolem.
1306 2882 1350 2920 II.
1367 2887 1400 2927 6,
1425 2885 1470 2918 49
1502 2882 1542 2917 et
1566 2879 1648 2918 itin.
1675 2880 1829 2927 Anton.)
