1916 3178
249 267 400 309 parum
443 251 717 294 oboedientes
760 249 1065 306 disciplinaque
1108 250 1284 292 militari
1326 250 1448 292 vacui
1486 251 1674 295 effecisse
1715 265 1810 296 nar-

250 327 410 379 rantur,
435 326 483 364 ut
508 337 653 378 pugna
683 321 824 364 minus
848 336 1048 377 prospere
1075 321 1280 364 Romanis
1312 321 1500 364 eveniret
1530 320 1606 379 (—
1637 336 1811 378 prorsus

252 395 379 436 aliam
430 408 600 435 causam
651 392 781 435 cladis
825 395 1127 434 commemorat
1170 392 1323 435 Strabo
1368 392 1479 447 apud
1520 391 1630 448 App.
1668 394 1724 438 89
1756 395 1812 436 vet

252 466 364 506 Plut.
397 463 474 520 35)
518 489 572 493 —
623 462 873 506 Sallustium
910 463 1137 506 manifesto
1175 466 1380 505 tenemus.
1453 463 1556 506 Mox
1590 463 1812 507 seditionis

253 535 462 577 exercitus
494 549 593 589 cap.
623 535 682 577 16
719 534 826 576 duae
864 549 1013 576 causae
1051 549 1076 575 a
1105 534 1243 576 Dione
1281 535 1528 589 afferuntur,
1564 538 1608 577 et
1643 534 1814 583 luxuria

252 605 439 648 militum
468 605 612 648 Nisibi
643 604 924 647 hiemantium
956 607 999 646 et
1029 604 1076 646 P.
1103 604 1240 647 Clodii
1278 604 1492 647 orationes
1529 605 1812 650 turbulentae.

252 677 440 727 Quarum
477 678 700 731 utramque
738 676 867 718 etiam
914 691 939 716 a
976 675 1179 718 Sallustio
1221 691 1312 718 esse
1350 679 1724 722 commemoratam
1761 691 1813 720 ex

253 749 358 804 frag.
383 747 424 790 V
449 745 519 803 8¹)
562 750 604 789 et
635 747 746 788 Plut.
780 748 836 789 34
873 746 1175 802 intellegimus.
1236 747 1458 788 Postremo
1496 761 1604 802 quae
1640 746 1724 791 Dio
1761 747 1815 789 ad

254 833 393 860 mores
429 821 711 873 naturamque
742 817 910 859 Luculli
949 817 1222 859 describenda
1257 818 1397 873 affert,
1427 817 1629 873 pleraque
1659 818 1812 874 reperi-

254 904 350 931 mus
383 889 513 931 etiam
544 889 658 944 apud
687 888 800 930 Plut.
833 903 921 943 cap.
947 890 1015 931 33.

370 960 453 1002 Vel
483 960 600 1002 hisce
632 975 654 1001 e
692 960 820 1001 rebus
852 959 956 1001 satis
994 973 1203 1014 superque
1235 959 1419 1001 eluceret
1451 958 1655 1002 Sallustio
1689 974 1815 1003 usum

257 1046 348 1073 esse
379 1031 575 1086 Dionem,
607 1031 681 1072 sed
718 1030 922 1072 accedunt
958 1030 1094 1072 multa
1125 1029 1318 1072 Sallustii
1349 1031 1601 1086 fragmenta,
1632 1045 1740 1086 quae
1770 1030 1816 1073 in

257 1101 410 1144 Dionis
447 1101 589 1143 verbis
628 1101 759 1143 latine
797 1101 1004 1143 translata
1041 1101 1108 1142 vel
1145 1100 1391 1142 abbreviata
1429 1101 1818 1158 animadvertimus,

1904 389 1916 420 ἱ

1906 422 1916 491 i

1904 509 1916 543 ,ἐ

257 1176 299 1214 et
337 1187 518 1227 quorum
555 1172 755 1227 pleraque
794 1171 969 1227 collegit
1006 1171 1090 1213 iam
1129 1170 1322 1214 Grashof.
1385 1171 1648 1214 Conferenda
1683 1164 1837 1228 igitur
1900 1176 1908 1185 ³

257 1246 357 1286 sunt
393 1243 552 1298 Xiphil.
590 1258 628 1298 p.
661 1244 687 1285 3
726 1257 824 1284 cum
859 1243 964 1298 frag.
991 1241 1053 1284 IV
1085 1242 1159 1296 54,
1196 1242 1280 1284 Dio
1312 1256 1412 1298 cap.
1438 1244 1464 1287 8
1497 1257 1594 1285 cum
1623 1244 1730 1300 frag.
1753 1242 1817 1286 IV

257 1315 445 1369 52-53,
477 1329 576 1369 cap.
612 1316 663 1356 11
698 1328 795 1355 cum
831 1314 936 1369 frag.
976 1313 1056 1355 inc.
1093 1314 1150 1355 46
1189 1316 1232 1355 et
1262 1313 1303 1356 V
1336 1315 1468 1369 1—3‚
1498 1328 1600 1369 cap.
1629 1314 1681 1356 17
1720 1328 1818 1356 cum

257 1387 363 1441 frag.
388 1384 429 1427 V
463 1387 513 1427 11
558 1387 600 1426 et
635 1386 688 1427 10
726 1383 930 1441 (quocum
968 1384 1018 1426 cf.
1057 1383 1186 1426 etiam
1216 1383 1329 1426 Plut.
1367 1399 1456 1439 cap.
1488 1384 1562 1428 35:
1605 1382 1819 1429 ἀπέλιπον

257 1457 334 1506 τὰς
379 1455 541 1510 τάξεις,
589 1456 647 1505 ὡς
695 1453 924 1510 ἀφειμένοι
970 1455 1155 1510 δόγματι
1204 1460 1280 1509 τῆς
1323 1453 1588 1512 στρατείας),
1636 1455 1818 1511 denique

258 1542 358 1582 cap.
393 1527 446 1569 19
485 1541 582 1568 cum
618 1526 724 1582 frag.
755 1525 796 1569 V
829 1526 896 1568 12.
965 1524 1072 1567 Cum
1109 1528 1252 1567 autem
1290 1525 1399 1567 alius
1437 1525 1657 1581 scriptoris
1689 1529 1817 1582 atque

258 1597 451 1640 Sallustii
481 1597 664 1653 vestigia
693 1611 904 1652 nusquam
935 1597 1047 1651 apud
1072 1596 1255 1638 Dionem
1286 1595 1535 1652 investigari
1564 1596 1732 1652 possint
1761 1623 1817 1628 —

261 1668 390 1710 etiam
427 1683 526 1723 cap.
556 1670 622 1723 13,
660 1683 743 1723 quo
776 1668 827 1709 de
860 1667 1057 1709 Comanis
1096 1667 1251 1723 oppido
1289 1667 1444 1723 agitur,
1481 1667 1535 1709 ad
1567 1666 1818 1712 Sallustium

259 1739 644 1796 geographicorum
676 1741 718 1780 et
755 1738 1145 1794 mythologicorum
1182 1738 1421 1780 studiosum
1466 1738 1574 1780 bene
1613 1738 1820 1794 quadrare

258 1808 470 1867 videtur2)
503 1835 558 1839 —
591 1824 761 1851 omnem
798 1809 849 1850 de
881 1809 983 1851 belli
1015 1809 1295 1851 Mithridatici
1333 1809 1455 1852 annis
1487 1810 1672 1852 69—67
1706 1810 1819 1865 apud

260 1881 444 1924 Dionem
475 1879 696 1922 materiem
733 1879 787 1921 ad
818 1878 1069 1922 Sallustium
1100 1894 1196 1928 cum
1227 1879 1484 1922 Wilmansio
1516 1894 1565 1923 ac
1596 1878 1818 1924 Grashofio

260 1953 504 1994 referamus.

379 2049 404 2100 ἓ
436 2047 475 2088 4.
541 2045 772 2088 Plutarcho
822 2045 934 2087 inter
976 2047 1063 2087 tres
1107 2047 1301 2088 auctores
1344 2044 1555 2100 discerpto
1595 2047 1639 2087 et
1680 2045 1819 2088 Dione

262 2117 434 2160 omnino
466 2115 669 2159 Sallustio
701 2115 869 2158 addicto
902 2115 986 2157 iam
1016 2115 1155 2157 Livii
1192 2117 1332 2157 fontes
1365 2115 1669 2171 discernamus,
1699 2115 1819 2159 cuius

261 2188 510 2231 memoriam
546 2187 752 2242 praebent
791 2189 880 2228 tam
917 2185 1146 2241 Orosius,
1184 2186 1484 2242 Eutropius,
1526 2185 1819 2242 periochae,

261 2259 425 2302 Iulius
446 2258 759 2313 Obsequcns,
784 2256 824 2300 S.
844 2257 1028 2299 Rufius
1046 2257 1230 2299 Festus
1255 2271 1383 2312 quam
1407 2257 1515 2299 istae
1539 2256 1820 2312 Plutarchi,

262 2330 422 2384 Flori,
452 2328 690 2370 Frontini
721 2331 882 2387 partes,
919 2343 1024 2383 quas
1056 2343 1077 2369 e
1108 2328 1230 2370 Livio
1268 2330 1487 2383 excerptas
1518 2342 1608 2370 esse
1634 2327 1819 2370 iudican-

264 2402 365 2443 dum
396 2402 471 2442 est.
533 2398 649 2440 Inter
679 2398 904 2453 primarios
934 2398 1061 2440 huius
1093 2398 1194 2440 belli
1225 2399 1366 2440 fontes
1395 2398 1565 2441 Livium
1595 2397 1819 2454 praecipue

263 2470 514 2514 Sallustium
545 2469 744 2511 habuisse
770 2469 855 2511 iam
880 2469 1123 2511 divinarunt
1155 2467 1386 2526 quidam³);
1417 2469 1522 2512 satis
1546 2471 1689 2511 autem
1713 2469 1819 2511 mul-

263 2543 321 2584 tis
352 2541 457 2584 locis
488 2540 739 2583 Sallustium
771 2540 882 2595 apud
913 2539 1141 2595 scriptores
1171 2540 1371 2583 Livianos
1401 2539 1600 2596 cognosci
1617 2541 1746 2595 puto.

385 2648 418 2692 1)
447 2644 584 2681 ‘Ceteri
602 2644 757 2690 negotia
775 2644 1026 2689 sequebantur
1044 2644 1248 2680 familiaria
1268 2645 1479 2690 legatorum
1492 2645 1559 2680 aut
1570 2643 1816 2690 tribunorum,

266 2708 303 2742 et
327 2717 414 2752 pars
441 2716 509 2740 sua
533 2703 822 2748 commeatibus,
847 2703 1050 2740 mercatis)

385 2766 420 2811 2)
446 2764 661 2810 Complures
694 2762 766 2799 hoc
797 2762 920 2808 capite
957 2762 1080 2798 fontes
1111 2762 1236 2808 ipsum
1268 2761 1408 2798 adiisse
1439 2763 1552 2807 atque
1583 2761 1817 2799 examinasse

266 2825 420 2860 Dionem
448 2822 643 2859 contendit
666 2822 787 2858 Lauer
809 2821 834 2858 1.
860 2821 884 2857 1.
910 2834 945 2867 p.
969 2825 1021 2858 13.

386 2884 421 2928 3)
446 2882 590 2918 Arnold
614 2894 650 2927 p.
671 2885 733 2928 89,
761 2881 850 2917 Otto
874 2893 910 2927 p.
931 2884 1000 2917 316
1027 2880 1111 2916 adn.
1133 2885 1164 2917 1.
