1916 3178
785 109 1076 149 -23-

143 211 292 274 midi
331 212 573 269 obsidione,
613 227 742 269 quam
783 212 956 268 quidem
996 229 1087 256 rem
1127 215 1367 258 accuratius
1412 218 1582 258 enarrat
1619 216 1715 258 Plu-

68 274 91 346 ζ
119 335 121 339 Α
145 283 320 347 *chus
342 282 452 327 Sert.
475 285 541 327 13.
569 309 622 314 ——-
650 282 815 334 Quibus
839 283 1004 326 Metelli
1037 284 1229 328 cladibus
1255 290 1495 329 commotus
1520 302 1631 329 anno
1660 290 1714 331 78

142 354 191 405 Ia
213 354 408 400 Manlius
444 355 519 412 qui
550 354 714 399 Galliae
751 354 992 412 praeerat¹)
1030 356 1190 399 auxilio
1227 359 1445 413 profectus
1482 358 1537 401 ab
1568 359 1714 402 Hirtu-

20 415 27 422 ⁴
71 415 108 463 ἒ(
141 425 231 472 laio
265 426 379 485 apud
402 425 630 484 Herdam2)
661 427 838 484 fugatus
870 430 946 470 est.
1001 426 1098 484 Ipse
1123 427 1324 472 Metellus
1362 429 1485 472 annis
1513 431 1566 473 78
1594 433 1638 472 et
1659 432 1712 473 77

66 498 79 514 ”’
140 497 396 556 Pompeium
421 498 747 543 subvenientem
770 502 1000 555 expectans
1026 499 1070 541 in
1093 499 1296 542 ulteriore
1323 517 1367 543 se
1388 501 1577 544 tenuisse
1603 501 1713 544 vide-

68 613 79 622 .
138 568 522 628 turprovinoiffl),
551 585 650 614 cum
674 569 891 613 Sertorius
917 573 1054 613 totam
1080 571 1168 613 fere
1201 572 1421 629 subigeret
1447 573 1712 629 Hispaniam.

259 640 352 686 Iam
375 641 608 699 quaeritur,
638 641 683 684 id
708 642 822 698 quod
847 642 1150 699 gravissimum
1177 646 1253 700 est,
1286 645 1455 699 quando
1482 645 1712 701 Pompeius

59 702 69 734 ἦ
138 713 186 758 in
209 713 463 771 Hispaniam
493 713 747 770 pervenerit.
809 713 985 756 Etenim
1011 713 1280 772 Drumam14)
1312 730 1423 757 anno
1453 718 1507 758 76
1541 716 1711 760 demum

137 784 278 829 Roma
325 785 566 842 profectum
615 800 714 828 eum
763 800 855 828 esse
905 788 1047 842 putat3
1103 788 1253 828 contra
1301 786 1477 830 Dronk'e
1529 787 1712 845 evicit5),

138 871 165 901 a
198 855 377 901 Sallusti
417 856 540 914 epist.
571 857 720 913 Pomp.
762 859 788 911 ξ
819 859 846 900 2
888 857 1026 913 sequi,
1068 857 1154 900 iam
1194 873 1304 900 anno
1341 860 1393 901 77
1433 858 1559 901 Italia
1589 860 1712 902 Pom—

138 928 283 986 peium
313 928 562 985 excessisse3
599 928 645 971 in
674 928 930 985 Hispaniam
961 944 1062 972 vero
1095 944 1192 972 eum
1224 930 1445 973 advenisse
1477 931 1712 974 arbitratur

137 1015 250 1045 anno
289 1002 345 1045 76
385 1000 578 1057 ineunte;
621 999 906 1058 Mommsen‘³)
943 1003 1088 1044 autem
1129 1001 1350 1044 contendit
1394 1002 1479 1044 iam
1517 1003 1617 1045 anni
1657 1005 1709 1046 77

137 1075 344 1117 autumno
362 1071 617 1128 Pompeium
636 1072 682 1115 in
700 1072 910 1129 Hispania
929 1073 1061 1116 fuisse
1088 1072 1232 1129 ibique
1252 1073 1474 1117 hiemasse.
1506 1074 1712 1117 Attamen

137 1143 221 1188 hoc·
251 1143 427 1188 omnino
458 1144 553 1187 fieri
583 1144 776 1200 potuisse
808 1145 1085 1187 vehementer
1115 1160 1238 1202 nego.
1301 1145 1499 1202 Namque
1533 1146 1569 1189 si
1601 1146 1712 1189 circa

135 1230 327 1259 mensem
362 1214 535 1260 Iunium
572 1216 640 1259 vel
672 1215 908 1267 Quintilem
945 1216 1133 1272 Lepidus
1164 1216 1290 1259 Italia
1326 1217 1476 1273 pulsus
1513 1221 1557 1260 et
1587 1218 1710 1260 Pom-

123 1287 258 1348 peius
311 1286 624 1345 quadraginta·
647 1287 853 1330 exercitui
909 1288 1193 1344 comparando
1245 1288 1394 1331 diebus
1445 1290 1710 1345 consumptis

134 1358 287 1403 Sextili
318 1359 407 1403 fere
433 1359 572 1414 Roma
602 1359 821 1415 profectus
853 1362 936 1416 est,
968 1363 1113 1402 tamen
1145 1360 1298 1403 itinere
1329 1376 1405 1416 per
1430 1360 1563 1416 Alpes
1595 1363 1707 1404 facto

135 1435 179 1474 et
210 1431 345 1475 Gallis
377 1430 516 1474 obviis
547 1431 736 1474 subactis
747 1429 781 1488 ⁷)
818 1432 1012 1487 profecto
1051 1431 1122 1473 vix
1154 1431 1312 1488 hieme,
1341 1432 1385 1474 si
1418 1433 1624 1475 voluisset
1655 1434 1707 1475 ad

133 1503 380 1547 Valentiam
402 1502 728 1559 Lauronemque
754 1503 952 1546 accedere
978 1503 1131 1559 potuit.
1187 1503 1406 1546 Proelium
1431 1507 1576 1547 autem
1602 1505 1708 1547 illud

131 1574 269 1619 Laelii
293 1574 659 1632 ‘pabulatorium',
690 1575 805 1631 quod
830 1575 978 1626 statim
1003 1575 1209 1631 Pompeio
1235 1575 1476 1618 Lauronem
1502 1591 1706 1633 aggresso

131 1645 279 1706 fuist),
322 1646 497 1690 omnino
535 1646 676 1690 hieme
720 1647 853 1690 fuisse
889 1663 975 1690 non
1014 1650 1175 1704 potest,
1219 1647 1378 1704 quippe
1419 1663 1503 1704 qua
1546 1648 1706 1692 milites

131 1800 276 1839 dictum
308 1811 392 1837 esse
425 1801 555 1847 putat,
592 1801 659 1837 sed.
693 1800 870 1846 equidem
902 1813 986 1837 cum
1010 1801 1244 1838 Mommseno
1271 1802 1562 1848 Drumannoque
1588 1803 1703 1839 Laco—

130 1860 279 1908 brigam
295 1859 515 1897 Lusitaniae
529 1860 798 1898 merodionalis
818 1861 948 1897 urbem
969 1873 1086 1908 prope
1099 1861 1244 1908 Tagum
1265 1861 1380 1897 sitam
1400 1863 1490 1897 tunc
1510 1874 1703 1909 oppugna-

129 1921 211 1972 tam
235 1931 318 1963 esse
342 1931 496 1973 censeo,
525 1920 703 1966 quoniam
731 1932 848 1968 prope
874 1921 1056 1957 Hiberum
1082 1921 1260 1957 Metellus
1286 1921 1461 1958 Baeticae
1486 1922 1703 1968 provinciae

68 1979 71 1988 '
129 1979 331 2028 proconsul
360 1979 421 2016 his
453 1980 561 2016 annis
593 1980 745 2017 omnino
777 1993 850 2016 non
877 1981 1074 2027 pugnavit.
1131 1981 1238 2025 Quod
1276 1981 1307 2016 si
1340 1981 1585 2027 concedatur,
1626 1983 1702 2018 veri

130 2038 292 2076 similius
329 2051 411 2076 esse
441 2039 650 2086 videbitur,
688 2040 871 2077 audacem
902 2041 1049 2077 Metelli
1087 2053 1204 2086 usque
1241 2042 1280 2077 in
1318 2041 1441 2088 ipsam
1466 2041 1701 2077 Lusitaniam

129 2099 411 2147 expeditionem
427 2098 538 2136 initio
557 2099 708 2146 imperii
727 2099 820 2146 eius,
846 2100 870 2137 i.
892 2112 923 2137 e.
951 2112 1049 2137 anno
1071 2105 1114 2137 79
1140 2101 1283 2138 factam
1303 2112 1396 2147 esse,
1423 2112 1536 2147 quam
1557 2103 1700 2148 postea.

250 2161 286 2206 1)
312 2159 367 2197 Of.
392 2158 598 2199 Schneider
622 2172 658 2206 p.
680 2163 736 2196 12.

248 2221 286 2268 2)
311 2218 386 2255 Sed
409 2230 538 2266 pugna
561 2215 763 2256 Ilei-densis
788 2219 884 2256 nihil
909 2221 1026 2257 habet
1050 2232 1246 2257 commune
1272 2233 1356 2257 cum
1376 2221 1415 2257 L.
1430 2220 1572 2256 Valerii
1592 2221 1701 2258 Prae-

128 2277 255 2316 confini
284 2278 406 2326 legati
423 2278 544 2316 ‘clade
569 2279 631 2326 (cf.
658 2279 764 2316 Caes.
790 2281 826 2318 b.
852 2293 888 2327 p.
909 2280 960 2316 ΙΙΙ
986 2282 1047 2327 20)
1081 2280 1180 2317 sicut
1212 2280 1287 2317 rati
1319 2282 1408 2317 sunt
1433 2280 1625 2316 Drumann
1650 2281 1702 2317 IV

126 2350 164 2386 p.-
183 2341 254 2376 358
279 2339 321 2375 et
342 2338 543 2376 Neumann
566 2339 602 2375 II
625 2352 662 2386 p.
682 2343 727 2377 28
742 2340 828 2376 adn.

247 2399 284 2443 8)
312 2397 366 2436 Of.
392 2397 498 2436 Oros.
522 2398 611 2436 1.1.:
637 2399 830 2436 ‘Metellus
855 2400 986 2436 multis
1010 2399 1165 2446 proeliis
1193 2400 1378 2446 fatigatus
1404 2413 1471 2447 per
1497 2400 1607 2437 devia
1631 2402 1696 2437 ob-

128 2468 258 2494 errans
282 2457 432 2494 hostem
457 2469 563 2495 mora
586 2458 778 2506 fatigabat
802 2459 920 2496 donec
945 2460 1114 2506 Pompeii
1141 2459 1275 2496 castris
1301 2461 1606 2497 consociaretur!

248 2521 284 2562 4)
311 2517 361 2554 lV
380 2521 461 2564 361,
488 2529 598 2563 quem
623 2528 823 2565 perperam
849 2520 999 2556 secutus
1026 2521 1086 2556 est
1109 2520 1307 2556 Neumann
1332 2521 1366 2556 Π
1392 2533 1427 2566 p.
1454 2525 1510 2556 31.

245 2578 284 2624 ὅ)
308 2576 333 2614 1.
353 2576 379 2615 1.
404 2589 442 2624 p.
461 2580 543 2623 505,
570 2588 645 2623 quo
670 2588 755 2615 cum
780 2578 873 2614 facit
899 2578 1122 2615 Schlimmer
1146 2591 1182 2626 p.
1204 2584 1259 2616 64.

230 2638 284 2684 θ)
307 2635 378 2674 Cui
401 2636 660 2684 adstipulatus
685 2638 744 2674 est
767 2638 883 2674 Edler
906 2650 942 2685 p.
968 2642 1021 2676 18.

238 2698 284 2743 «7)
308 2695 363 2734 cf.
389 2695 464 2734 cic.
491 2697 537 2733 de
562 2697 652 2744 imp.
680 2698 745 2734 On.
764 2698 894 2745 Pomp.
917 2703 978 2735 30:
1009 2699 1140 2735 ‘testis
1167 2701 1226 2735 est
1245 2698 1388 2744 Gallia,
1413 2710 1482 2745 per
1506 2711 1619 2745 quam
1644 2701 1696 2736 le·

125 2755 302 2803 gionibus
320 2755 460 2794 nostris
478 2755 553 2793 iter
571 2757 611 2793 in
629 2756 852 2804 Hispaniam
871 2758 1065 2795 Gallorum
1085 2758 1333 2796 internicione
1353 2758 1588 2804 patefactum
1607 2761 1668 2795 est
1682 2761 1693 2777 '

157 2854 161 2862 ⁸
215 2819 285 2863 28)
302 2815 362 2853 Cf.
391 2815 488 2864 App.
520 2817 557 2853 b.
589 2827 618 2854 e.
651 2817 669 2852 Ι
697 2820 781 2855 1092
825 2817 1061 2865 ἀφικομένου
1102 2817 1139 2854 δ’
1178 2817 1216 2860 ἐς
1245 2817 1411 2866 Ἰβηρίαν
1449 2819 1614 2855 αὐτίκα
1653 2819 1694 2856 δὲ

124 2876 334 2926 Σερτώριος
367 2874 470 2919 τέλος
502 2875 587 2914 ὅλον
619 2873 682 2914 ἐπὶ
712 2880 930 2930 χορτολογίᾳ
963 2875 1064 2923 ἐξιόν
1090 2892 1122 2915 κ.
1143 2892 1173 2914 τ.
1194 2881 1224 2914 λ.
1283 2877 1402 2914 Simul
1439 2877 1695 2925 intellegimus
