1976 3190
308 189 391 229 142
783 188 938 224 Sallusti
961 189 1211 224 Historiarum
1235 189 1300 225 lib.
1320 189 1394 233 111„

305 300 416 350 mari,
452 300 493 337 in
533 312 612 349 quo
645 299 850 349 aquilones
894 301 1051 351 saepius
1095 302 1284 341 saeviant.
1355 301 1576 351 Utrumque
1619 301 1671 340 ad
1705 299 1860 343 numm

305 359 506 409 regionem
543 371 566 396 a
604 358 795 397 Sallustio
833 360 991 409 quidem
1032 361 1269 410 descriptam
1314 361 1508 410 quadrare
1551 360 1649 399 mihi
1690 361 1858 446 videtur,

307 418 383 455 nisi
415 418 465 455 ad
498 416 810 456 Cherronnesum
843 419 1064 458 Tauricam.

426 513 499 557 79.
561 514 855 570 Nomenque
886 515 1171 558 Danuvium
1202 516 1374 571 habet,
1412 516 1632 571 <q>u0ad
1662 515 1860 560 Germa-

304 599 479 654 norum
510 587 676 627 terras
707 586 998 643 adstringit.

417 652 528 724 App
574 678 851 724 (1119D‚55K‚
872 679 1166 725 99G,11p.186
1187 679 1451 725 et291Br.)-—
1463 679 1516 715 Po
1518 679 1641 726 hrpyr.
1663 679 1858 718 adflent.

211 730 226 743 ⁶
305 738 416 761 carm.
436 726 487 761 IV
511 731 551 771 4,
572 729 627 761 38.
655 748 698 752 —
726 726 845 761 Schol.
874 727 946 772 (Ps
963 692 1077 773 Acr.p)
1097 728 1145 762 ad
1171 730 1240 763 art.
1266 729 1364 772 poet.
1388 730 1431 761 18
1455 739 1566 773 usque
1589 727 1640 764 ad
1662 727 1859 764 habet.—

305 775 410 809 Arus.
437 786 472 818 p.
493 777 562 808 494
596 775 727 809 eadem.
760 775 771 818 ΙΙ
801 774 1029 820 Danuvium]
1060 774 1274 809 Danubium
1309 775 1359 809 M
1362 775 1637 821 Porphyrionis.
1670 795 1714 801 --
1744 774 1862 813 habet
1936 810 1939 811 γ

305 821 446 867 quoad]
471 821 588 856 habet
607 822 766 856 scholion
786 821 931 865 Horat„
955 822 1178 866 Arusianus,
1203 822 1301 857 hab.
1342 851 1348 858 .
1366 851 1372 857 .
1400 823 1443 856 ut
1464 822 1514 856 ad.
1532 822 1582 857 M
1585 821 1862 869 Parmam

305 870 369 904 ubi
394 870 519 914 plures
544 870 682 915 literae
707 880 815 914 quam
840 870 878 903 et
902 870 1080 915 syllabam
1111 874 1194 905 ante
1225 871 1268 904 ut
1292 870 1478 905 evanuisse
1508 869 1564 906 W
1586 869 1736 916 Meyero
1762 870 1862 907 visae

305 921 401 960 swnt,
426 927 515 952 corr.
545 915 673 951 Christ.

425 980 590 1019 Oomm.
639 981 730 1020 Non
755 981 796 1018 in
820 981 924 1019 bello
950 981 1145 1020 Moesiaco
1173 981 1354 1020 Curionis
1381 981 1598 1022 enarrando
1625 981 1862 1021 Sallustium

308 1040 354 1078 de
392 1040 577 1078 Danuvio
616 1052 698 1078 esse
734 1040 929 1090 locutum,
975 1041 1081 1090 quod
1118 1042 1278 1079 auctore
1317 1040 1528 1080 Debrossio
1566 1040 1865 1081 affirmaverunt
1948 1044 1976 1080 *³2²

307 1099 489 1149 editores,
522 1099 589 1137 sed
619 1099 850 1139 Danuvium
880 1099 922 1137 in
955 1099 1036 1138 situ
1066 1099 1185 1138 Ponti
1216 1102 1567 1139 commemoratum
1598 1113 1682 1140 esse
1713 1114 1734 1140 e
1757 1100 1864 1140 Mela

308 1159 428 1207 atque
460 1158 671 1196 Ammiano
704 1159 885 1208 sequitur
917 1159 1023 1208 quod
1053 1161 1157 1197 recte
1189 1173 1316 1210 nuper
1347 1154 1527 1198 defendit
1552 1156 1796 1200 Mullenhoff.

427 1254 534 1298 80³².
586 1254 782 1297 Gellius
806 1255 846 1297 X
874 1257 911 1311 7,
934 1257 975 1297 1:
1008 1254 1225 1298 ‘Omnium
1250 1257 1482 1310 fluminum,
1515 1270 1622 1312 quae
1648 1255 1694 1298 in
1717 1255 1863 1311 maria,
1966 1266 1976 1320 ῑ

307 1340 390 1380 qua
419 1327 639 1379 imperium
669 1325 907 1368 Romanum
937 1330 1004 1378 est,
1041 1327 1179 1380 fluunt
1202 1361 1209 1369 .
1231 1361 1238 1368 .
1261 1361 1269 1368 .
1291 1361 1298 1369 .
1325 1327 1558 1369 maximum
1594 1341 1686 1369 esse
1715 1326 1865 1370 Nilum

309 1396 582 1439 consentitur.
634 1396 838 1438 Proxima
856 1398 1140 1451 maymtudine
1158 1411 1241 1440 esse
1260 1398 1417 1440 Istrum
1436 1397 1608 1453 scripsit
1627 1397 1864 1440 Sallustius.

428 1490 532 1534 App.
586 1490 651 1534 (III
672 1493 715 1524 10
728 1490 772 1534 D,
799 1493 843 1524 56
857 1490 901 1534 K,
929 1493 996 1524 100
1011 1489 1053 1535 G,
1079 1490 1113 1524 ΙΙ
1137 1502 1171 1535 p.
1194 1494 1259 1525 291
1275 1490 1350 1536 ΒΥ.)

942 1779 1147 1826 CAPUT
1184 1778 1240 1826 V.

572 1882 638 1925 Dc
669 1883 787 1925 belli
821 1882 1086 1926 Sertoriani
1120 1883 1279 1938 exitu,
1312 1882 1376 1925 fr.
1399 1850 1606 1930 ,81-89,

964 1996 1213 2032 Euan-atio.

428 2071 553 2114 Anno
588 2074 641 2115 72
673 2072 718 2114 in
748 2071 959 2127 Hispania
991 2072 1240 2127 proscripti,
1279 2071 1353 2127 qui
1386 2087 1482 2114 cum
1513 2071 1703 2114 Sertorio
1733 2074 1866 2128 erant,

310 2143 548 2186 invidentes
581 2143 756 2186 Sertorii
794 2143 999 2199 potestati
1030 2143 1248 2198 Perperna
1285 2143 1497 2198 imprimis
1533 2145 1704 2186 auctore
1740 2142 1867 2185 male-

311 2215 447 2257 dicere
479 2215 728 2270 imperatori
761 2218 803 2256 et
835 2215 887 2256 ad
919 2214 1199 2256 defectionem
1229 2214 1466 2256 Celtiberos
1497 2228 1744 2270 permovere
1775 2227 1865 2256 coe-

311 2289 480 2342 perunt,
521 2285 733 2328 Sertorius
764 2288 907 2327 autem
939 2285 1087 2327 occisis
1125 2285 1349 2327 obsidibus
1385 2285 1453 2327 vel
1489 2285 1672 2327 venditis
1708 2283 1865 2342 gravis-

311 2357 415 2399 sime
448 2357 492 2398 in
530 2357 773 2398 deficientes
811 2356 1109 2398 animadvertit
1141 2355 1288 2413 (Plut.
1322 2356 1445 2398 Sert.
1477 2370 1510 2398 c.
1536 2354 1625 2412 25).
1685 2355 1778 2406 Qua
1814 2355 1864 2397 de

311 2443 436 2470 causa
466 2427 683 2482 Perperna
714 2442 810 2469 cum
842 2427 986 2469 decem
1017 2427 1119 2469 viris
1150 2427 1202 2468 ad
1232 2442 1380 2469 necem
1411 2425 1588 2469 Sertorii
1619 2425 1867 2481 coniuravit,

311 2499 385 2541 sed
404 2499 618 2554 patefacta
644 2498 935 2540 coniuratione
956 2498 1027 2540 alii
1048 2513 1208 2553 poenas
1228 2498 1446 2553 dederunt,
1471 2497 1556 2552 alii,
1580 2496 1626 2539 in
1651 2497 1747 2552 quis
1771 2496 1865 2552 ipse

309 2569 527 2625 Perperna
558 2571 649 2611 erat
674 2584 722 2610 ac
747 2569 993 2623 Tarquitius
1025 2569 1208 2625 quidam,
1238 2584 1326 2611 non
1360 2567 1556 2623 deprensi
1587 2569 1688 2609 sunt
1719 2565 1865 2625 (App.

148 2644 215 2699 81,
237 2645 291 2686 82
312 2640 353 2682 b.
381 2655 412 2682 c.
438 2640 459 2682 I
491 2642 588 2696 113,
625 2640 730 2681 adde
762 2640 817 2681 fr.
844 2642 896 2682 81
938 2643 980 2681 et
1013 2639 1099 2696 82).
1159 2639 1364 2681 Attamen
1401 2639 1538 2680 denuo
1575 2637 1866 2680 coniuratione

311 2712 434 2766 facta,
465 2727 518 2753 ne
545 2711 700 2753 iterum
726 2726 792 2752 res
821 2714 994 2765 apertae
1020 2712 1182 2768 fierent,
1213 2711 1429 2766 Perperna
1453 2709 1752 2752 maturandum
1782 2708 1866 2752 sibi

311 2786 431 2825 ratus
458 2782 694 2825 Sertorium
725 2782 777 2824 ad
809 2796 955 2824 cenam
988 2782 1185 2824 invitavit
1216 2782 1363 2837 ibique
1394 2781 1546 2823 cecidit
1572 2780 1717 2838 (Pluvt.
1743 2795 1776 2823 c.
1795 2781 1866 2836 26,

237 2857 291 2897 83
312 2855 366 2896 fr.
394 2854 482 2910 83),
514 2854 610 2896 dein
638 2853 872 2895 exercitum
897 2853 947 2894 de
974 2853 1098 2894 caede
1125 2853 1243 2895 ducis
1267 2867 1527 2908 magnopere
1551 2851 1707 2893 iratum
1731 2850 1865 2892 lenire

311 2925 476 2966 studuit
500 2928 628 2980 atque
654 2924 837 2980 tandem,
862 2925 910 2964 ut
935 2923 1238 2978 imperatorem
1264 2938 1307 2965 se
1333 2937 1480 2979 gerere
1505 2925 1662 2977 posset,
1686 2920 1866 2976 perfecit
