1976 3190
733 145 961 192 Fragmenta
982 150 1132 183 29—39.
1634 147 1733 189 171-

148 258 336 299 eo‘nvenit
353 271 446 299 cum
471 258 604 299 Crassi
629 258 805 299 exercitu
830 259 987 311 magnis
1012 261 1304 300 munitionibus
1330 261 1526 313 fugitivos
1551 262 1718 301 circum-

148 318 339 370 vallante,
371 319 420 360 cf.
451 319 558 359 Plut.
591 332 622 359 e.
653 321 724 359 10:
761 316 859 372 μέγα
896 316 968 371 μὲν
1006 314 1080 359 οὖν
1119 315 1169 372 ἦν
1206 319 1272 360 καὶ
1309 320 1476 374 χαλεπὸν
1513 321 1556 361 τὸ
1588 320 1717 375 ἔργον,
1749 341 1751 343 ·

148 374 272 430 ἤνυσε
303 375 346 418 δὲ
376 377 444 418 καὶ
473 378 749 432 κατειργάσατο
780 377 887 432 παρὰ
919 377 1040 427 δόξαν
1072 378 1114 419 ἐν
1146 378 1264 436 ὀλίγῳ
1295 380 1423 437 χρόνῳ
1454 384 1532 421 κτλ.

268 479 377 525 35*.
438 481 650 540 Frigida
679 485 841 525 nocte.

266 586 374 634 App.
424 588 549 634 (Deest
572 589 614 625 in
637 589 881 635 editionibus.)
906 610 953 615 -
980 589 1102 626 Schol.
1129 589 1238 626 Bern.
1265 591 1314 626 ad
1341 590 1474 637 Georg.
1496 591 1546 627 IV
1568 595 1646 628 104.

267 664 434 704 Oomm.
495 665 559 705 Ad
597 666 710 705 illam
747 668 926 718 spectare
958 667 1055 706 haec
1093 669 1267 719 noctem,
1307 681 1387 718 qua
1420 668 1553 708 Crassi
1590 669 1719 708 muni-

146 724 276 764 tiones
303 724 522 776 Spartacus
546 725 741 778 perrupit,
774 726 858 766 veri
888 726 1050 766 videtur
1080 726 1209 766 simile
1242 740 1326 767 esse
1355 728 1564 768 Plutarchi
1589 729 1719 768 verbis

146 784 322 824 collatis:
347 784 497 826 νύκτα
521 785 761 838 νιφετώδη
787 784 854 826 καὶ
878 786 1034 838 πνεῦμά
1059 801 1095 825 τι
1120 784 1313 840 χειμέριον
1337 787 1622 840 παραφυλάξας
1641 791 1719 828 κτλ.

267 886 343 934 36.
403 888 788 946 Infrequentem
821 890 1099 948 stationem
1133 894 1363 934 nostram
1387 891 1720 935 incuriosam-

147 974 242 1017 que
273 962 380 1004 tum
411 961 473 1003 ab
505 961 670 1004 armis.

265 1066 373 1121 App.
424 1066 489 1113 (IV
507 1070 554 1102 65
566 1067 611 1113 D,
638 1071 683 1104 66
696 1067 740 1113 K,
767 1071 811 1103 23
828 1067 884 1113 G.)
910 1090 958 1094 —
982 1069 1090 1105 Arus.
1116 1082 1151 1115 p.
1173 1072 1253 1106 487.
1283 1072 1295 1114 ΙΙ
1322 1071 1420 1118 tum]
1445 1071 1525 1106 tam
1551 1071 1602 1115 N,
1629 1082 1721 1107 corr.

149 1114 317 1160 Gerlach,
341 1126 419 1151 lam
431 1116 530 1170 pomi.
553 1116 650 1160 Keil,
678 1116 869 1170 Gerlaehii·
883 1128 965 1170 pero
984 1119 1267 1172 emendationem
1287 1120 1366 1155 ime
1385 1123 1508 1172 metior
1527 1119 1569 1155 P.
1591 1119 1723 1173 Jwryes

142 1165 238 1210 p.13
244 1163 374 1201 collato
381 1163 471 1200 Dzet
490 1162 698 1200 Cret-..11422
716 1164 771 1200 ‘at
782 1163 872 1199 Gra1
883 1164 1139 1210 mfrequentes
1152 1168 1233 1202 tum
1246 1166 1500 1211 incuriomque
1515 1167 1563 1202 ab
1578 1167 1718 1203 armus?

267 1239 434 1281 Comm.
490 1240 766 1281 Mithridatem
797 1242 930 1282 subito
957 1255 1061 1283 anno
1091 1245 1143 1284 68
1178 1243 1218 1283 in
1244 1244 1421 1283 Pontum
1445 1244 1633 1284 invadere
1658 1243 1721 1283 his

145 1299 278 1342 verbis
308 1301 540 1341 enarratum
578 1314 662 1342 esse
694 1302 859 1342 Dietsch
896 1303 1082 1355 coniecit3
1120 1316 1212 1343 cum
1248 1318 1341 1344 vero
1380 1317 1427 1344 ea
1464 1316 1528 1344 res
1566 1304 1720 1356 quinto,

146 1374 228 1402 non
265 1362 410 1412 quarto
449 1361 551 1401 libro
589 1362 876 1415 contineretur,
917 1363 967 1402 ad
1001 1363 1239 1414 Spartacum
1271 1364 1543 1416 fragmentum
1574 1365 1721 1404 referre

146 1420 292 1474 malui3
336 1433 383 1461 ac
420 1433 515 1461 sane
552 1421 595 1460 in
638 1422 842 1462 obsidione
887 1423 1026 1474 aliqua
1064 1423 1237 1463 similive
1274 1438 1317 1464 re
1355 1425 1571 1464 stationem
1608 1424 1721 1463 illam

145 1481 426 1534 neglegentem
455 1483 807 1522 commemoratam
844 1495 927 1522 esse
966 1484 1095 1523 multo
1134 1484 1301 1535 propius
1340 1485 1391 1523 ad
1428 1485 1514 1524 veri
1550 1484 1719 1535 speciem

147 1540 317 1594 accedit,
355 1553 478 1592 quam
512 1542 546 1581 si
577 1542 625 1582 de
656 1542 871 1595 militibus,
913 1555 1013 1594 quos
1045 1543 1165 1583 Ponti
1202 1544 1342 1584 finium
1382 1545 1565 1584 custodes
1596 1544 1721 1585 fuisse

145 1601 237 1642 vult
266 1601 444 1654 Dietseh,
474 1602 747 1654 fragmentum
778 1603 1144 1654 interpretaremur.

227 1748 241 1764 x
267 1703 344 1751 37.
404 1705 669 1750 Dissidere
707 1706 844 1749 inter
880 1722 931 1750 se
968 1722 1182 1764 coepere
1219 1724 1383 1764 neque
1420 1709 1472 1751 in
1502 1708 1720 1751 medium

146 1777 453 1822 consultare.

265 1883 372 1968 App.
423 1884 488 1931 (IV
508 1888 552 1921 12
565 1884 610 1932 D,
636 1889 683 1921 40
695 1885 740 1932 Κ,
768 1889 789 1921 8
803 1885 847 1932 G,
873 1886 908 1922 H
931 1898 966 1932 p.
989 1889 1058 1922 303
1071 1886 1147 1933 Br.)
1166 1908 1213 1913 —
1232 1887 1339 1924 Arus.
1359 1900 1395 1934 p.
1415 1891 1496 1923 482.
1517 1890 1529 1934 ΙΙ
1548 1888 1719 1934 coepere]

237 1943 278 1969 re
346 1961 354 1969 .

146 1942 237 1979 ⁰⁸P⁰
266 1997 433 2038 Comm.
489 1998 553 2038 Ad
577 1999 787 2038 Plutarchi
813 2012 897 2050 cap.
928 2002 1000 2039 11:
1032 1998 1232 2053 ἐθάρρησε
1259 1997 1301 2040 δὲ
1332 2003 1517 2040 πολλῶν
1542 1999 1590 2041 ἐκ
1618 2001 1720 2040 δια-

147 2063 300 2110 φορᾶς
336 2056 645 2098 ἀποστάντων
683 2058 829 2099 αὐτοῦ
867 2058 934 2099 καὶ
965 2058 1411 2123 στρατοπεδευοαμένων
1442 2056 1539 2101 καθ’
1574 2060 1721 2109 αὑτούς

146 2118 245 2159 haec
276 2119 455 2169 spectare
486 2120 610 2170 patet.

269 2219 346 2267 38.
407 2220 569 2280 Sapor
598 2222 744 2267 iuxta
773 2224 938 2268 fontis
971 2224 1310 2268 dulcissimos.

266 2329 374 2376 App.
424 2329 488 2375 (IV
510 2333 552 2364 13
565 2329 616 2376 D,
647 2334 692 2366 41
706 2330 757 2377 K,
791 2334 833 2367 77
849 2330 906 2378 G.)
939 2353 983 2358 —
1015 2332 1123 2368 Arus.
1148 2343 1184 2377 p.
1206 2335 1286 2368 510.
1315 2333 1327 2378 ΙΙ
1356 2332 1609 2381 dulcissimos]
1639 2332 1720 2368 dul-

147 2375 320 2413 cissimus
345 2378 438 2414 coni.
461 2377 557 2414 Keil.

268 2454 434 2495 Oomm.
496 2455 706 2495 Pertinent
745 2457 928 2496 Sallustii
965 2457 1087 2497 verba
1126 2457 1176 2496 ad
1212 2458 1320 2497 Plut.
1360 2458 1430 2497 ib.:
1468 2455 1531 2497 ἐπὶ
1562 2460 1720 2497 Λευκα-

147 2513 260 2587 νίδος
290 2514 451 2614 λίμῖης,
487 2514 540 2567 ’ἦν
572 2526 670 2567 φασι
706 2514 964 2570 τρέπεσθαι
1002 2515 1068 2556 διὰ
1105 2515 1251 2571 χρόνου
1283 2516 1577 2572 γιγνομένην
1610 2521 1716 2571 γλυ-

147 2588 282 2615 κειαν
311 2589 357 2615 m
383 2607 390 2614 .

268 2677 347 2724 39.
405 2678 621 2723 Avidior
651 2680 796 2723 modo
829 2682 1143 2738 properandi
1174 2683 1355 2726 factus.

267 2785 374 2832 App.
425 2785 489 2831 (IV
510 2789 554 2821 14
567 2786 611 2832 D,
636 2786 741 2832 44K,
768 2790 811 2822 61
827 2787 870 2833 G,
895 2787 913 2823 I
936 2800 972 2834 p.
992 2792 1062 2824 403
1076 2789 1151 2834 Br.)
1177 2811 1224 2815 --
1249 2789 1357 2825 Arus.
1383 2801 1418 2834 p.
1440 2792 1521 2825 450.

268 2862 436 2903 Oomm.
502 2863 547 2902 P.
586 2863 754 2903 Crassus
797 2864 1095 2906 subaudiendus
1139 2868 1216 2918 est,
1262 2866 1310 2906 cf.
1348 2867 1476 2905 Plut.:
1519 2864 1586 2906 καὶ
1625 2865 1720 2919 πρὶν

147 2921 260 2974 ἥκειν
290 2921 469 2971 ἐκείνους
499 2921 699 2964 ἔσπευδε
731 2924 1090 2977 διαπράξασθαι
1120 2925 1202 2966 τὸν
1233 2925 1453 2978 πόλεμον.
