1916 3178
892 181 947 186 .-
1008 156 1066 198 40
1128 180 1183 185 .-

262 261 466 318 τοὲσχετος
501 261 600 317 γάρ
621 276 686 310 τις
723 261 835 316 ὁρμὴ
872 269 964 311 τοῖς
999 261 1240 318 βαρβάροις
1271 259 1445 303 ἐνέπεσε
1476 265 1553 315 τῆς
1582 262 1692 318 πρὸς
1713 259 1816 305 ‘Ru-

263 335 419 387 μαίους
456 331 733 381 ἀποστάσεως
769 332 822 373 ad
858 331 1051 387 Pompeii
1090 331 1134 372 in
1171 330 1422 386 Hispaniam
1460 331 1689 375 adventum
1723 345 1815 388 per-

264 403 400 444 tinere
438 401 544 442 mihi
575 401 761 456 videtur,
797 402 847 444 cf.
879 402 991 444 Plut.
1024 401 1130 444 Sert.
1165 404 1236 445 18:
1280 401 1390 443 ὅθεν
1425 399 1498 444 καὶ
1533 400 1692 445 πολλαὶ
1726 409 1816 445 τῶν
1903 388 1916 430 l

263 474 350 515 ὑπὸ
382 473 618 529 Σερτωρίῳ
655 475 828 515 πόλεων
858 462 1160 528 ἀποβλέψασαι
1196 474 1305 529 πρὸς
1340 472 1476 515 αὐτὸν
1513 472 1675 561 ὁρμὴν
1690 485 1817 528 μετα·
1907 479 1916 550 ¹

264 546 397 598 βολῆς
427 544 569 598 ἔσχον.
581 541 614 599 1)

383 612 562 655 Suidas
605 613 786 669 denique
831 614 914 655 duo
951 614 1192 670 fragmenta
1229 613 1387 656 Graeca
1424 628 1532 669 quae
1568 613 1621 656 ad.
1657 613 1818 657 bellum

265 684 556 726 Sertorianum
587 687 782 739 spectant
813 684 1007 739 servavit,
1038 684 1223 739 primum
1255 700 1285 726 s.
1310 700 1347 726 v.
1374 683 1818 736 ἀποκννὸυνεύονποςε
1872 676 1880 683 ’
1914 678 1916 685 ’

262 754 310 796 Ὁ
342 752 391 797 δὲ
421 756 671 811 Σερτώριος
708 756 731 798 ὁ
762 762 852 797 τῶν
882 753 1104 810 Ῥωμαίων
1136 757 1394 811 στρατηγός,
1430 757 1586 811 καίπερ
1615 754 1821 811 θρασέως

265 833 352 868 τῶν
379 823 564 882 Ἰβήρων
605 825 652 868 ἐκ
687 833 766 869 τοῦ
803 826 855 867 τὰ
891 828 1025 868 πλείω
1070 830 1322 879 κατορθοῦν
1359 825 1551 882 ἐχόντων
1592 825 1676 870 οὐκ
1710 825 1818 870 ἀπο-

265 897 557 939 κινδυνεῦσαί
588 909 692 939 ποτε
730 895 983 951 ἐτόλμησεν,
1021 895 1202 938 alterum
1233 910 1264 937 s.
1289 911 1327 938 v.
1354 897 1510 951 δῆθεν;
1548 894 1596 938 Ὁ
1627 893 1677 940 δὲ
1706 899 1819 953 Σερ-

266 967 423 1022 τώριος
452 965 640 1023 παρῄνει
677 967 735 1016 ὡς
766 967 907 1021 δῆθεν
944 966 1092 1017 αὐτοῖς
1127 967 1405 1021 παραδοῦναι
1442 967 1523 1022 τὴν
1557 969 1707 1023 πόλιν,
1745 967 1821 1023 qui

266 1037 349 1079 loci
387 1051 484 1079 cum
521 1051 573 1078 ex
611 1036 841 1091 ‘excerptis
877 1035 977 1093 περὶ
1010 1037 1183 1092 ἀρετῆς’
1222 1039 1392 1092 sumpta
1428 1035 1577 1093 sint2)‚
1613 1039 1688 1079 aut
1721 1037 1820 1080 Dio-

267 1108 358 1150 dori
385 1110 460 1150 aut
484 1107 636 1150 Dionis
662 1106 795 1149 Cassii
821 1110 932 1149 sunt.
993 1107 1070 1149 Ille
1101 1110 1245 1149 autem
1276 1107 1394 1150 locus
1418 1108 1599 1150 fortasse
1630 1108 1684 1150 ad
1707 1107 1821 1150 idem

270 1181 464 1234 equestre
502 1178 729 1233 proelium,
767 1178 817 1220 de
855 1193 939 1233 quo
971 1178 1062 1234 agit
1092 1178 1204 1220 Plut.
1238 1177 1343 1220 Sert.
1378 1179 1444 1234 16,
1474 1177 1823 1235 pertinet3'alter
1899 1175 1916 1185 ‘⁷

269 1250 321 1291 ad
353 1249 617 1291 obsidionem
649 1248 835 1304 aliquam
866 1249 1110 1291 referendus
1142 1252 1217 1291 est.

388 1319 586 1361 Ceterum
610 1319 804 1374 Livius,
836 1334 962 1374 quem
993 1319 1131 1361 adhuc
1162 1319 1298 1374 omisi,
1330 1334 1436 1374 quos
1461 1319 1660 1362 habuerit
1683 1319 1825 1362 fontes

270 1390 481 1432 enucleari
512 1405 599 1432 non
630 1389 715 1431 iam
739 1393 893 1445 potest.
944 1389 1135 1432 Sallustii
1162 1390 1207 1431 in
1231 1389 1423 1445 reliquiis
1446 1388 1636 1432 Livianis
1659 1389 1827 1432 nullum

270 1463 387 1502 extat
417 1460 665 1517 vestigium3
696 1463 844 1503 auctor
873 1475 972 1502 vero
997 1460 1108 1502 Livii
1139 1475 1226 1502 non
1251 1461 1354 1502 adeo
1386 1475 1411 1501 a
1442 1460 1711 1516 popularium
1734 1475 1826 1517 par—

270 1531 387 1573 tibus
436 1534 522 1572 stat
566 1534 827 1586 quantopere
871 1530 1115 1586 Sallustius3
1164 1531 1237 1572 sed
1285 1546 1389 1573 num
1437 1531 1568 1573 fuerit
1615 1530 1827 1587 Sulpicius
1895 1544 1897 1546 “

271 1601 423 1656 Galba,
461 1617 587 1656 quem
626 1602 676 1643 de
714 1617 858 1658 pugna
893 1602 1156 1644 Lauronensi
1199 1602 1344 1644 laudat
1382 1601 1575 1658 Orosius,
1617 1602 1826 1645 incertum

267 1672 471 1714 manebit.

903 1827 1189 1888 CaputIV

736 1938 799 1973 De
831 1938 1037 1974 tumultu
1068 1937 1364 1983 fugitivorum

390 2024 620 2067 Seditionis
651 2024 947 2081 gladiatoriae,
985 2039 1113 2080 quam
1150 2024 1338 2080 coepisse
1369 2039 1480 2066 anno
1515 2024 1613 2082 73³)
1649 2020 1829 2083 constat,

272 2111 339 2138 res
371 2099 517 2152 gestae
543 2110 689 2138 omnes
714 2096 802 2137 fere
834 2110 930 2137 cum
954 2095 1202 2138 notissimae
1234 2095 1332 2150 sint,
1363 2095 1406 2137 id
1437 2109 1570 2137 unum
1600 2097 1830 2154 quaeritur,

272 2182 457 2222 quonam
483 2181 592 2208 anno
618 2166 674 2208 M.
694 2166 884 2208 Licinius
905 2166 1079 2208 Crassus
1104 2166 1330 2221 imperium
1355 2168 1502 2208 contra
1521 2181 1665 2210 servos
1683 2182 1828 2224 geren-

273 2239 391 2280 dum.
411 2237 654 2293 susceperit.
722 2237 918 2293 Namque
955 2235 1237 2294 Mommsen4)
1274 2237 1359 2279 iam
1397 2251 1508 2279 anno
1547 2238 1603 2280 72
1629 2237 1828 2281 Crassum

393 2355 427 2399 1)
453 2353 579 2388 Etiam
610 2353 749 2388 latinos
776 2352 912 2398 legisse
939 2355 1109 2389 auctores
1134 2353 1339 2388 Diodorum
1369 2352 1539 2388 defendit
1563 2353 1604 2389 E.
1629 2353 1756 2398 Meyer
1786 2354 1825 2390 in

272 2414 366 2449 Mus.
386 2414 503 2448 Rhen.
524 2412 695 2448 XXXVII
720 2424 756 2457 p.
777 2417 863 2456 6113
890 2413 935 2447 ef.
955 2413 1130 2457 praetera
1147 2411 1312 2448 Thouret
1335 2411 1376 2447 in
1401 2412 1524 2458 annal.
1550 2411 1682 2458 philol.
1702 2412 1824 2458 suppl.

272 2473 323 2508 XI
347 2485 385 2518 p.
407 2477 476 2508 174
489 2472 573 2507 adn.
600 2492 643 2497 ——
669 2470 865 2505 Librorum
889 2475 934 2506 37
956 2472 993 2505 et
1013 2473 1058 2506 38
1083 2470 1226 2506 fontem
1244 2470 1391 2506 Livium
1416 2481 1508 2516 esse,
1534 2469 1599 2515 qui
1622 2469 1721 2505 hunc
1745 2470 1824 2506 ubi-

273 2543 346 2577 que
376 2531 537 2578 reperire
562 2530 662 2574 vult,
693 2529 807 2564 Klebs
833 2529 856 2565 l.
884 2529 908 2564 l.
941 2541 976 2574 p.
997 2532 1042 2565 43
1074 2529 1227 2573 statuit3
1265 2529 1312 2565 de
1343 2529 1524 2566 Sallustio
1555 2527 1833 2564 coniurationis-

201 2607 203 2610 ·
273 2590 515 2626 Catilinariae
541 2589 640 2635 apud
659 2588 865 2623 Diodorum
891 2589 1041 2623 auctore
1061 2588 1296 2633 cogitaverat
1320 2588 1496 2624 dubitans
1517 2587 1614 2623 Dfibi
1638 2587 1679 2623 in
1699 2588 1824 2623 annal.

272 2649 403 2694 philol.
426 2652 516 2685 1876
541 2661 576 2694 p.
598 2651 678 2684 878.

393 2710 430 2753 2)
457 2704 510 2744 Cf.
538 2708 584 2743 de
608 2708 707 2743 Boor
730 2707 770 2742 in
795 2707 921 2743 Herm.
947 2706 1015 2741 XX
1040 2718 1075 2752 p.
1098 2710 1177 2742 382.

394 2770 428 2811 3)
454 2765 638 2801 Ridiculis
665 2765 894 2811 argumentis
916 2765 957 2801 O.
979 2765 1213 2800 Schambach
1232 2765 1322 2811 „der
1346 2764 1426 2801 ital.
1449 2764 1823 2811 Sklavenaufstand“‚

275 2828 410 2870 (progr.
431 2824 807 2870 Halberstadt.1872)
833 2825 953 2860 ortam
978 2834 1059 2858 esse
1085 2823 1306 2859 seditionem
1329 2823 1406 2859 iam
1429 2834 1526 2859 anno
1548 2827 1592 2859 74
1617 2823 1822 2860 contendit.

394 2887 429 2929 4)
456 2883 523 2919 Cui
548 2894 720 2919 assensus
741 2885 803 2918 est
826 2883 1023 2919 Neumann
1047 2882 1082 2917 II
1105 2895 1141 2928 p.
1168 2887 1212 2918 65
1227 2883 1312 2919 adn.
