1916 3178
891 148 1180 192 —50-

260 268 285 296 a
315 254 492 297 Lucullo
531 256 766 308 captarum:
809 253 1061 297 Strabonem
1098 254 1232 311 igitur
1263 254 1384 310 quasi
1415 253 1612 296 manibus
1632 254 1816 311 4ἀθριῑθῐιὸ

266 326 406 367 dimus
437 327 664 366 auctorem.
726 323 808 366 Sed
838 324 935 366 finis
967 325 1130 381 capitis,
1161 341 1244 380 quo
1277 325 1327 366 de
1352 324 1488 366 Mario
1520 327 1644 380 capto
1675 328 1719 367 ot.
1747 338 1817 369 ne·-

261 399 354 438 cato
387 396 542 452 agitur,
572 395 714 436 differt
744 395 798 436 ab
830 394 1038 451 Appiano,
1069 396 1266 452 congruit
1298 411 1394 437 cum
1421 394 1583 451 orosio,
1614 395 1664 438 cf.
1701 394 1820 447 ὅπως
1881 427 1884 431 ›

261 465 576 517 ἐξονειδισθεὶς
605 464 678 508 καὶ
710 465 1030 522 καθυβρισθεὶς
1064 466 1284 509 ἀποθάνοι
1313 481 1409 508 cum
1442 465 1611 508 Orosio:
1641 466 1818 514 ‘Marius

262 563 316 566 —
344 563 398 566 —
426 562 480 567 —
513 539 727 592 extractus
758 536 932 578 meritas
963 537 1132 579 hostilis
1164 537 1294 579 animi
1331 552 1488 592 poenas
1518 536 1628 580 luit?
1683 536 1819 588 Quam

263 608 318 648 ob
351 622 441 650 rem
470 607 592 650 Livio
624 607 728 649 haec
758 622 826 649 res
857 607 1128 649 attribuenda
1160 608 1251 650 erit.

379 678 476 734 Cap.
507 680 559 722 13
586 678 762 720 diversis
789 692 811 719 e
836 678 1028 720 fontibus
1053 679 1337 734 compositum
1363 681 1445 734 est;
1479 692 1663 734 namque
1690 677 1818 721 *initio

261 749 465 804 mysteria
496 748 792 791 Samothraces
829 753 1158 792 commemorata
1189 749 1443 792 Strabonem
1479 751 1699 792 auctorem
1727 763 1819 792 csse
1904 756 1916 799 2

263 819 504 861 ostendunt.
561 819 643 861 Sed
674 835 773 861 mox
805 820 855 860 de
885 821 1110 877 naufragio
1136 821 1399 863 Mithridatis
1431 819 1630 863 dissentit
1656 834 1683 862 a
1706 819 1818 865 Stra-

260 891 387 945 bone3
429 906 613 945 namque
658 905 754 932 cum
795 889 1018 946 Appianus
1060 906 1093 933 c.
1134 893 1188 934 78
1233 891 1380 949 (atque
1423 907 1520 934 cum
1563 906 1612 933 eo
1649 889 1817 948 Livius)

262 960 556 1003 Mithridatem
595 961 815 1016 Sinopen
857 976 907 1003 ex
947 965 1201 1017 tempestate
1243 966 1457 1005 servatum
1492 962 1677 1018 venisse,
1721 961 1819 1004 inde

261 1032 487 1074 Amisum
518 1034 687 1074 vectum
717 1035 916 1088 narrent,>
944 1033 1056 1087 apud
1086 1032 1365 1076 Plutarchum
1395 1033 1693 1076 Heracleam
1723 1047 1819 1077 con-

263 1103 377 1159 fugit
405 1102 487 1160 (εἰς
514 1103 594 1157 τὴν
616 1104 842 1158 Ποντικὴν
864 1102 1128 1159 (Ηράκλειαν
1157 1103 1391 1161 ἐξεσώθη),
1425 1105 1539 1160 quod
1565 1119 1653 1147 non
1679 1104 1819 1147 solum

260 1177 424 1215 rectum
434 1172 482 1230 l),
507 1174 581 1215 sed
600 1173 729 1215 etiam
755 1188 779 1214 a
798 1172 1000 1215 Sallustio
1027 1174 1088 1216 ita
1112 1178 1330 1217 narratum
1350 1178 1415 1218 est
1439 1175 1512 1233 (cf.
1532 1175 1653 1231 epist.
1673 1175 1818 1218 Mithr.

261 1247 287 1297 ξ
315 1246 386 1287 14;
424 1244 688 1300 ‘Naufragiis
725 1245 837 1300 apud
867 1245 1042 1287 Parium
1079 1249 1122 1288 et
1153 1246 1450 1288 Heracleam
1486 1246 1674 1288 militum
1711 1245 1817 1302 opti-

260 1330 353 1357 mos
390 1330 487 1356 cum
524 1315 656 1357 classe
694 1314 869 1372 amisi').
937 1315 1029 1358 Hac
1066 1316 1201 1373 igitur
1237 1317 1287 1371 de
1325 1332 1370 1359 re
1407 1316 1636 1360 Sallustius
1666 1317 1763 1360 fons
1794 1331 1819 1358 a

259 1387 384 1429 nobis
421 1387 620 1443 cognosci
657 1390 810 1442 potest.
878 1387 1042 1429 Deinde
1081 1388 1308 1443 epistulam
1338 1388 1506 1431 Luculli
1540 1388 1593 1430 ad
1623 1390 1818 1437 senatum

260 1458 462 1512 scriptam
499 1473 626 1513 supra
663 1473 739 1500 suo
777 1458 870 1500 loco
909 1458 1110 1500 omissam
1142 1474 1163 1500 e
1195 1457 1403 1502 Strabone
1440 1459 1576 1515 addit3
1605 1458 1820 1514 conspirat

261 1528 374 1570 enim
406 1543 503 1571 cum
533 1528 730 1584 Appiano
763 1544 850 1584 cap.
879 1530 946 1584 77,
978 1529 1188 1585 discrepat
1219 1545 1244 1571 a
1275 1530 1404 1572 schol.
1436 1529 1617 1572 Gronov.
1653 1545 1694 1585 p.
1718 1530 1819 1585 442,

263 1615 287 1640 a
318 1614 402 1654 quo
434 1599 684 1641 Sallustium
723 1603 968 1655 excerptum
1008 1615 1098 1643 esse
1135 1601 1246 1642 infra
1284 1601 1588 1656 disputabitur:
1627 1600 1817 1651 ‘Quando

260 1671 351 1712 ibat
381 1671 585 1713 Lucullus
622 1672 689 1713 ad*
713 1672 892 1726 bellum,
930 1675 1098 1727 ceperat
1135 1672 1358 1727 pecuniam
1389 1672 1619 1727 infinitam,
1650 1674 1699 1714 ut
1729 1671 1818 1714 suis

261 1743 471 1785 militibus
510 1742 622 1785 bello
667 1743 804 1798 daret3
847 1742 927 1784 iste
965 1742 1185 1798 accepit'
1224 1745 1319 1798 etc.;
1362 1745 1510 1784 contra
1545 1742 1818 1785 Plutarchus:

269 1813 579 1870 Ψηφιζομένης
616 1814 699 1868 γὰρ
738 1813 872 1868 αὐτῆς
904 1839 957 1843 —-
993 1839 1046 1843 -—-
1081 1813 1163 1856 ἀπὸ
1195 1815 1449 1870 τρισχιλίων
1488 1813 1716 1857 ταλάντων
1752 1813 1818 1865 ἐξ·

261 1885 501 1941 αρτύεσθαι
532 1885 742 1926 ναυτικὸν
774 1883 1005 1927 ἐκώλυσε
1039 1909 1092 1914 -
1127 1910 1180 1914 -
1214 1884 1272 1935 ὡς
1303 1885 1427 1927 ἄνευ
1459 1884 1694 1940 δαπάνης
1722 1891 1818 1935 ταῖς

260 1962 348 1998 τῶν
381 1955 621 2010 συμμάχων
645 1954 778 1997 ναυσὶ
810 1955 1100 2010 Μιθριδάτην
1131 1954 1306 2010 ἐκβαλεῖ
1327 1960 1404 2010 τῆς
1431 1956 1664 2012 θαλάττης.

381 2025 490 2080 Cap.
520 2026 575 2067 14
607 2040 655 2066 ea
692 2040 799 2080 quae
837 2026 887 2066 de
927 2025 1099 2081 divitiis,
1136 2025 1180 2066 in
1211 2040 1315 2080 quas
1352 2025 1512 2068 milites
1541 2026 1725 2068 Romani
1756 2025 1816 2068 in-
1857 2028 1859 2030 ’

263 2096 472 2150 ciderunt,
509 2099 751 2152 narrantur,
784 2096 934 2138 deinde
965 2111 1064 2151 cap.
1094 2097 1154 2138 15
1191 2096 1375 2151 priorem
1406 2096 1495 2139 fere
1524 2100 1702 2153 partem,
1734 2111 1818 2152 qua

262 2168 312 2208 de
339 2167 455 2209 clade
482 2167 675 2221 equitum
699 2167 1002 2221 Romanorum,
1026 2167 1251 2222 Pomponii
1277 2167 1448 2224 virtute,
1473 2167 1650 2210 Lucullo
1676 2183 1699 2210 e
1723 2167 1816 2210 loco

261 2238 406 2292 iniquo
457 2253 532 2292 per
575 2237 803 2280 Graeculos
846 2239 1051 2292 quosdam
1100 2238 1280 2279 liberato
1331 2238 1491 2294 agitur,
1542 2254 1565 2280 e
1608 2238 1816 2282 Strabone

260 2308 450 2363 fluxisse,
482 2311 622 2350 cetera
653 2312 796 2350 autem
829 2308 1019 2350 Sallustii
1053 2324 1142 2350 esse
1175 2309 1259 2350 iam
1291 2308 1394 2350 Otto
1426 2309 1520 2351 coll.
1550 2309 1658 2367 App.
1686 2310 1740 2352 78
1772 2312 1815 2351 et

263 2380 316 2422 79
349 2379 665 2420 demonstravit.

380 2450 543 2491 Deinde
575 2465 673 2504 cap.
704 2451 755 2491 16
795 2450 845 2490 de
877 2449 1180 2507 Olthabante2)
1218 2450 1376 2505 Scytha
1410 2450 1726 2492 narratiuncula
1761 2450 1814 2492 ad

261 2520 511 2563 Sallustium
520 2518 555 2577 3)
586 2520 805 2561 referenda
837 2522 918 2576 est3
950 2520 1108 2561 etenim
1134 2520 1348 2562 simillime
1374 2520 1486 2563 idem
1515 2523 1660 2563 narrat
1683 2520 1813 2563 Fron-

381 2651 416 2693 1)
441 2648 495 2684 Cf.
522 2649 655 2684 Memn.
682 2660 713 2685 6.
739 2653 795 2684 42.

381 2711 416 2752 2)
442 2707 497 2742 De
523 2707 643 2742 forma
660 2707 821 2742 nominis
840 2706 935 2742 nihil
954 2707 1032 2742 fere
1052 2709 1211 2752 constat,
1232 2719 1316 2743 cum
1335 2707 1400 2743 ille
1420 2707 1603 2743 Olthakos
1621 2706 1812 2744 Plutarchi

267 2767 435 2802 Adathas
460 2766 647 2811 Frontini‚
674 2766 838 2802 Olkabas
864 2765 1030 2811 Appiani
1055 2766 1160 2801 libris
1186 2766 1400 2802 nominatus
1427 2766 1486 2802 sit.

381 2828 415 2869 3)
443 2826 532 2861 Otto
558 2827 597 2861 et
622 2825 733 2860 simul
753 2825 875 2870 Vogel
898 2837 934 2871 p.
955 2829 999 2860 41
1026 2825 1208 2870 neglectis
1235 2825 1454 2862 differentiis
1479 2825 1549 2860 hoc
1575 2828 1688 2872 caput
1712 2826 1811 2862 Stra-

261 2884 352 2919 boni
378 2884 639 2921 attribuerunt.
