1976 3190
302 157 360 199 90
785 154 940 191 Sallusti
964 155 1215 192 Historiarum
1238 155 1304 191 lib.
1324 156 1368 192 Π.

303 266 499 321 egerunt:
536 262 808 305 Mithridates
843 263 1094 319 Bithyniam
1131 279 1180 307 ac
1217 262 1531 319 Cappadociam
1567 263 1779 320 acciperet
1813 266 1858 310 et
1914 255 1921 260 ⁵

304 334 538 377 Sertorium
587 334 719 376 classe
769 335 1034 391 pecuniaque
1077 335 1296 378 adiuvaret
1339 334 1489 392 (Plut.
1532 333 1656 377 sert.
1699 349 1733 378 e.
1767 333 1855 394 23).

228 408 281 448 79
302 405 450 461 Itaque
487 404 619 461 legati
657 404 874 448 redierunt
911 404 986 463 (fr.
1014 404 1089 463 79)
1126 406 1296 461 illisque
1334 404 1655 448 condicionibus
1690 405 1882 451 foedere'

300 477 413 518 facto
444 475 500 518 M.
525 472 699 531 Marius,
730 479 779 518 ut
811 477 896 519 dux
929 480 1039 520 esset
1071 477 1282 522 exercitus
1313 475 1606 533 Mithridatici,
1635 476 1682 519 in
1710 475 1858 522 Asiam

301 562 326 588 a
358 546 546 590 Sertorio
578 547 734 590 missus
765 550 830 590 est
861 546 1012 605 (Plut.
1044 563 1077 591 c.
1105 546 1192 606 24)

226 618 282 661 80
418 617 581 660 Eodem
612 633 722 661 anno
757 619 812 661 75
844 617 971 661 Curio
996 618 1219 662 Dardanos
1251 617 1435 661 subiecit
1467 617 1540 677 (fr.
1567 617 1645 678 80)
1675 621 1720 663 et
1744 617 1858 664 Moe-

301 688 407 731 siam
438 688 684 732 inferiorem
714 689 908 732 Romano
940 689 1102 732 addidit
1132 690 1325 745 imperio.

418 758 644 802 Praeterea
674 759 756 802 hoc
786 774 897 802 anno
924 759 1128 803 Servilius
1160 760 1275 803 bello
1301 759 1487 803 Isaurico
1519 775 1598 816 per
1627 760 1859 805 triennium

300 833 423 888 gesto
454 831 584 873 finem
614 830 727 874 fecit.
782 830 955 873 Etenim
986 831 1058 873 ille
1085 830 1263 874 subacta
1283 830 1541 887 Pamphylia
1564 830 1859 891 Pisidiaque*)

301 901 492 944 Ciliciam
512 916 739 959 aggressus
760 902 881 944 brevi
900 902 1081 957 pacavit,
1107 918 1190 958 qua
1214 902 1260 944 in
1285 901 1558 957 expeditione
1584 902 1713 946 etiam
1731 901 1860 960 Cory-

225 974 278 1016 81
302 988 398 1015 cum
429 972 546 1014 venit
578 971 654 1030 (fr.
681 971 769 1029 81),
801 972 899 1014 dein
930 988 1008 1028 per
1032 973 1219 1016 Taurum
1249 976 1439 1016 montem
1467 974 1668 1018 adversus
1691 973 1861 1019 Isauros

300 1044 519 1100 profectus
561 1046 636 1085 est.
703 1042 798 1085 Hoc
837 1058 937 1086 vero
976 1044 1072 1087 loco
1113 1045 1222 1087 situs
1261 1044 1431 1088 illarum
1467 1044 1596 1088 Asiae
1635 1044 1861 1104 regionum

301 1117 429 1170 atque
459 1117 613 1156 natura
644 1114 861 1169 copiosius
893 1115 1107 1171 descripta
1133 1118 1210 1171 est,
1240 1115 1358 1158 velut
1382 1115 1433 1158 de
1458 1115 1597 1160 Tauro
1622 1118 1750 1173 atque
1774 1116 1860 1161 An-

89 1188 288 1244 82,83,84
301 1186 460 1228 titauro
480 1185 701 1228 montibus
724 1185 799 1242 (fr.
821 1184 910 1243 82),
934 1186 983 1228 de
1002 1186 1195 1244 Phrygia
1216 1186 1568 1243 Cappadociaque
1587 1185 1662 1246 (fr.
1683 1189 1752 1246 83,
1771 1187 1861 1247 84),

137 1259 205 1314 85,
225 1259 281 1302 86
301 1257 352 1299 de
395 1257 486 1299 fera
521 1255 766 1299 Isaurorum
804 1259 932 1314 gente
974 1256 1048 1314 (fr.
1077 1258 1150 1314 85,
1182 1256 1257 1315 86)
1297 1258 1467 1300 locutus
1504 1273 1596 1301 esse
1631 1258 1859 1303 Sallustius

300 1327 478 1369 videtur.
539 1326 683 1383 Atque
715 1327 930 1383 Servilius,
962 1331 1191 1384 postquam
1221 1329 1294 1370 diu
1324 1343 1419 1372 cum
1449 1327 1608 1372 Isauris
1638 1330 1860 1388 pugnavit,

302 1397 498 1441 Oroanda
529 1399 750 1456 oppidum,
782 1399 880 1442 dein
910 1398 1099 1442 Isauram
1116 1399 1318 1443 Veterem
1349 1415 1495 1443 averso
1526 1400 1702 1444 flumine
1732 1401 1859 1457 cepit,

300 1469 421 1512 brevi
457 1472 557 1525 post
588 1470 718 1512 etiam
748 1469 939 1513 Isauram
970 1470 1138 1514 Novam
1176 1473 1305 1526 caput
1341 1471 1484 1528 gentis
1519 1471 1565 1514 in
1601 1471 1860 1515 deditionem

225 1544 278 1587 87
301 1537 466 1596 accepit
497 1540 572 1599 (ir.
594 1539 681 1599 87).
741 1541 805 1584 Ac
830 1542 1019 1584 tumultu
1044 1542 1158 1584 inter
1183 1542 1348 1585 deditos
1374 1545 1467 1585 orto
1493 1545 1537 1586 et
1562 1542 1683 1587 brevi
1713 1541 1858 1586 sedato

304 1611 508 1655 Servilius
538 1612 720 1655 Romam
751 1613 878 1656 rediit
909 1613 1234 1669 triumphatum.

419 1741 449 1788 *)
476 1741 558 1786 Qua
584 1742 629 1778 de
654 1753 693 1778 re
719 1742 764 1778 cf.
790 1741 856 1778 lib.
876 1742 894 1777 Ι
917 1754 953 1788 p.
974 1746 1029 1778 51.

941 1869 1222 1914 Fragmenta.

422 1945 496 1991 71.
558 1946 692 1998 Quos
735 1946 1000 1989 adversum
1042 1945 1191 1988 multi
1236 1959 1294 1986 ex
1337 1943 1584 1999 Bithynia
1625 1943 1859 1987 volentes

301 2032 566 2060 accurrere
597 2018 784 2060 falsum
809 2017 981 2059 filium
1011 2015 1280 2073 arguituri
1759 2028 1765 2031 ⁷

418 2110 523 2157 App.
575 2111 622 2155 (II
640 2110 749 2156 48D,
781 2110 889 2155 57K,
922 2109 1029 2154 94G,
1060 2109 1094 2143 H
1118 2121 1154 2154 p.
1181 2108 1314 2153 38Br.)
1340 2129 1383 2133 —
1409 2107 1522 2143 Prisc.
1542 2107 1576 2142 X
1601 2107 1649 2152 (Π
1671 2119 1706 2154 p.
1728 2109 1820 2154 505).
1845 2107 1858 2156 Η

301 2158 409 2205 quos]
435 2158 536 2203 quod
561 2158 598 2194 R
612 2158 737 2202 Hertz,
741 2139 920 2194 Dietsc'h.
947 2179 991 2183 -
1018 2156 1226 2203 accurrere]
1253 2165 1403 2191 accurre
1425 2155 1469 2200 G,
1496 2165 1686 2190 occurrere
1712 2155 1807 2191 BD.

419 2234 584 2274 Comm.
638 2235 746 2274 Voce
778 2246 871 2283 quos
903 2233 999 2273 dicti
1032 2245 1114 2272 esse
1139 2232 1337 2283 videntur,
1369 2231 1439 2282 qui
1462 2231 1612 2271 Romae
1642 2244 1714 2282 pro
1739 2231 1857 2271 Nico-

300 2294 423 2346 mede,
436 2293 662 2333 Nicomedis
673 2294 888 2344 *Nysaeque
901 2293 995 2345 filio,
1010 2293 1217 2343 steterunt,
1237 2292 1404 2331 fortasse
1417 2291 1543 2341 ipsius
1555 2290 1710 2331 iuvenis
1722 2291 1858 2343 legati.

422 2383 530 2428 72²⁸.
590 2384 682 2427 Vir
713 2399 821 2426 cum
852 2398 971 2426 cura
1002 2383 1256 2425 dicendus.

419 2478 525 2523 App.
570 2477 599 2522 (I
620 2481 639 2511 7
654 2476 696 2522 Gr,
722 2477 739 2511 I
757 2489 792 2522 p.
815 2480 882 2511 253
896 2477 969 2522 Br.,
994 2478 1039 2521 cf.
1060 2477 1238 2522 Wo’lfflin,
1257 2475 1382 2512 Herm.
1402 2475 1469 2511 IX
1478 2486 1518 2521 p
1534 2476 1634 2521 253.)
1653 2496 1697 2501 -
1718 2474 1858 2511 Seneca

302 2527 347 2561 de
366 2524 487 2561 benef
507 2525 559 2561 IV
579 2528 670 2570 1,1:
699 2524 768 2558 ‘Ex
793 2523 965 2559 omnibus
988 2535 1084 2569 quae
1109 2523 1382 2559 tractavimus.
1473 2523 1599 2568 potest
1623 2521 1743 2558 videri
1761 2522 1858 2558 m'hil

300 2575 381 2608 tam
406 2572 661 2616 ,necessarium
686 2573 752 2606 aut
782 2571 914 2616 magis,
947 2573 989 2606 ut
1020 2571 1075 2606 ait
1106 2570 1316 2615 Sallustius,
1356 2551 1454 2605 cum
1481 2581 1587 2604 cura
1619 2568 1859 2635 dicendum

301 2632 415 2665 quam
439 2621 540 2665 quod
564 2619 604 2654 in
634 2619 807 2654 manibus
839 2619 924 2662 est'3
956 2630 1116 2663 quocum
1147 2618 1315 2654 conferas
1347 2617 1472 2653 Senec.
1500 2616 1588 2652 dial.
1614 2617 1632 2652 I
1650 2619 1683 2662 5,
1703 2621 1742 2653 9.
1775 2616 1858 2652 ‘vir

302 2680 397 2703 cum
432 2679 537 2703 cura
569 2666 816 2711 dicendus',
853 2647 945 2701 ibid.
977 2666 1029 2700 IX
1056 2670 1110 2711 14,
1132 2670 1192 2703 10:
1233 2666 1409 2711 ‘magnus
1439 2663 1510 2700 vir
1545 2665 1584 2699 et
1620 2675 1717 2699 cum
1752 2675 1858 2700 cura

303 2715 555 2750 dicendus'·
547 2713 768 2759 ‚Lamprid
783 2695 928 2758 Pieliog
943 2713 1080 2748 XXXV
1092 2695 1128 2749 2’:
1152 2712 1378 2748 ‘Alexander
1396 2711 1559 2757 optimus
1579 2712 1618 2747 et
1636 2722 1732 2747 cum
1750 2722 1857 2747 cura

305 2762 554 2798 dicendus'.

421 2839 587 2878 Comm.
647 2837 882 2877 Debrossius
919 2850 964 2876 ac
997 2837 1165 2876 Gerlach
1203 2851 1293 2876 cum
1329 2836 1449 2876 verba
1484 2836 1609 2884 magis
1645 2846 1731 2873 cwm
1761 2846 1858 2873 ewra

302 2899 506 2941 dicendum
538 2897 783 2938 Sallustiana
814 2909 896 2936 esse
926 2898 1118 2947 putarent
1147 2897 1267 2947 inque
1292 2895 1494 2947 prooemio
1522 2907 1570 2934 ea
1593 2893 1857 2946 disponerent,

1956 808 1976 826 ,Ι
1956 767 1976 796 θ’
1962 710 1976 738 e:
