1976 3190
280 163 337 204 84
763 161 918 197 Sallusti
942 162 1192 198 Historiarum
1217 162 1281 198 lib.
1302 163 1345 198 II.

278 274 406 312 lenter
449 272 605 311 collatis
642 273 755 312 Livio
787 273 918 312 XXVI
949 276 1003 312 42
1049 276 1089 313 et
1125 274 1298 326 Polybiow
1324 274 1360 311 X
1394 275 1458 313 10.
1519 274 1655 313 Etiam
1696 274 1836 318 auderat

279 332 431 371 occasio
464 332 565 370 situs
595 331 714 370 huius
745 332 855 371 urbis
886 333 1015 372 fusius
1046 333 1277 384 exponendi,
1309 332 1460 371 scilicet
1490 345 1535 372 eo
1563 333 1662 386 1000,
1691 333 1763 383 1ψί
1785 334 1834 375 de

277 391 374 429 urbe
407 404 430 429 a
458 390 632 430 Sertorio
665 391 823 430 obsessa
855 394 975 443 atque
1006 392 1159 432 incluso
1185 393 1227 430 in
1253 392 1390 431 eadem
1413 391 1599 431 Memmio
1625 393 1834 459 quaestore

277 450 484 501 agebatur,
517 463 598 499 qua
628 450 675 489 de
706 464 747 489 re
779 451 827 490 cf.
855 451 933 491 Cic.
964 465 1035 502 pro
1061 452 1187 490 Balbo
1216 453 1258 490 5:
1291 448 1354 488 ut
1383 450 1596 501 Pompeius
1626 451 1669 490 in
1691 450 1835 503 Hispa-

276 509 386 546 niam
417 509 570 548 venerit
600 510 910 561 Memmiumque
941 511 1085 549 habere
1118 512 1368 560 quaestorem
1399 510 1583 561 coeperit,
1614 523 1834 569 numquam

276 581 300 606 a
337 568 521 607 Memmio
560 568 781 607 discessisse
821 564 921 620 (scil
962 569 1189 609 Cornelium
1225 563 1435 621 Balbum),
1473 569 1714 621 Carthagine
1750 581 1834 610 esse

277 627 490 678 obsessum,
523 628 724 666 acerrimis
749 628 829 667 illis
854 628 1016 678 proeliis
1042 630 1082 667 et
1106 629 1299 680 maximis,
1326 628 1563 667 Sucronensi
1587 630 1628 667 et
1652 627 1836 668 Turiensi

276 681 532 725 interfuisse’
584 687 694 733 Quae
724 700 786 726 res
819 701 921 727 anno
950 690 1002 727 75
1030 688 1189 727 videtur
1212 687 1420 726 inserenda
1445 699 1546 738 esse3
1576 700 1704 739 neque
1729 687 1835 729 enim

277 759 379 784 anno
415 748 466 785 76
500 748 592 795 post
628 747 780 785 cladem
810 747 1107 786 Lauronensem
1137 747 1399 797 Pompeianos
1431 746 1713 798 Carthaginem
1747 759 1834 798 per-

274 805 428 844 venisse
449 805 697 856 crediderim3
729 806 813 845 veri
832 805 1032 845 simillime
1059 808 1194 845 autem
1218 806 1355 845 eodem
1378 807 1567 857 tempore,
1593 819 1672 856 quo
1697 818 1835 858 pugna

276 864 327 901 ad
357 864 587 902 Valentiam
630 865 737 903 facta
781 866 851 916 est,
894 864 1080 915 paullove
1117 867 1257 915 postea
1299 865 1371 903 illa
1414 865 1601 904 accidisse
1636 864 1833 916 videntur.

277 923 353 961 Sed
384 924 411 961 J
413 929 530 974 firges
567 937 605 973 p.
632 926 686 962 52
719 924 935 963 Reinachio
968 919 1217 977 (Mithridate
1246 925 1444 972 Eupator,
1475 936 1518 972 10.
1544 918 1646 978 325)
1677 936 1835 974 praeoe-

276 982 392 1021 dente
423 982 693 1021 infelicissime
724 996 852 1033 nuper
883 983 930 1022 de
961 983 1036 1022 hoc
1066 983 1290 1035 fragmento
1323 983 1422 1035 egit,
1460 984 1616 1023 mutato
1648 983 1838 1023 audacter

275 1041 367 1079 libri
399 1055 562 1081 numero
595 1055 618 1080 a
649 1042 780 1081 Nonio
812 1042 977 1081 laudato
1009 1043 1129 1081 verba
1161 1043 1212 1081 ad
1243 1042 1375 1092 Cyzici
1406 1042 1709 1093 descriptionem
1737 1043 1836 1082 refe·

275 1113 376 1139 rens.
437 1100 493 1138 At
528 1103 617 1139 tum
649 1100 836 1151 Cyzicum
874 1101 994 1140 sitam
1030 1102 1152 1141 fuisse
1188 1115 1282 1141 vera
1318 1102 1360 1139 in
1396 1101 1544 1154 insula,
1581 1115 1837 1153 nequaquam

275 1159 317 1197 in
348 1160 596 1212 paeninsula,
629 1173 731 1210 quae
763 1160 964 1199 interdum
994 1162 1156 1199 tantum
1185 1161 1286 1199 mari
1312 1160 1535 1211 superiacto
1567 1173 1591 1199 a
1617 1161 1837 1200 continenti

277 1218 549 1270 divelleretur,
582 1233 602 1258 e
634 1219 931 1259 narrationibus
963 1220 1200 1270 scriptorum
1232 1220 1493 1271 Sallustiique
1525 1233 1572 1259 ex
1601 1219 1836 1272 fragmentis

277 1277 337 1316 III
364 1280 431 1329 30,
460 1280 527 1330 34,
555 1280 607 1317 37
643 1279 740 1317 satis
772 1291 969 1329 superque
1002 1280 1141 1319 elucet.

396 1391 504 1437 57³2.
553 1392 721 1448 Atque
749 1393 885 1435 edita
911 1394 1135 1450 undique
1161 1393 1329 1436 tribus
1355 1396 1522 1436 tamen
1546 1408 1655 1436 cum
1679 1394 1836 1438 muris

277 1466 326 1506 et
356 1464 554 1521 magnis
585 1464 821 1507 turribus
848 1499 856 1506 .
877 1499 885 1506 .
907 1499 915 1507 .
937 1499 945 1507 .

393 1581 498 1626 App
550 1581 636 1627 (Ino
665 1581 1070 1627 16D‚11118K‚1V
1096 1581 1513 1630 64G‚11p629Br)
1545 1604 1589 1609 —
1620 1582 1756 1618 Donat.
1786 1580 1842 1622 ad.

275 1629 422 1664 Terent.
449 1629 563 1664 Andr
583 1629 600 1663 Ι
621 1633 652 1673 1,
673 1633 727 1664 67.
755 1650 799 1654 —-
827 1629 945 1676 edita]
972 1629 1097 1664 edicta
1123 1630 1167 1674 P,
1195 1611 1264 1666 dea
1293 1631 1331 1666 0.

394 1711 560 1750 Comm.
622 1711 945 1750 Subaudiendam
982 1724 1065 1750 esse
1102 1725 1238 1757 vocem
1275 1713 1368 1751 urbs
1398 1714 1528 1765 patet,
1564 1726 1692 1763 neque
1730 1711 1834 1752 enim
1900 1742 1901 1745 η

275 1773 403 1809 castra
440 1771 568 1808 tribus
605 1771 730 1809 muris
767 1771 1024 1821 turribusque
1062 1771 1210 1809 muniri
1247 1772 1391 1823 solent,
1429 1772 1531 1811 falso
1567 1771 1694 1823 igitur
1722 1771 1834 1811 Kritz

273 1830 394 1869 verba
426 1843 472 1868 ea
503 1830 550 1868 de
576 1830 735 1868 Luculli
766 1830 904 1869 castris
932 1829 1132 1880 Cyricenis
1159 1831 1265 1869 dicta
1289 1830 1498 1870 intellexit.
1546 1831 1686 1881 Neque
1710 1831 1834 1870 maio-

273 1903 358 1927 rem
388 1889 471 1928 veri
504 1889 673 1939 speciem
704 1890 906 1929 Debrossii
938 1891 1238 1940 ceterorumque
1264 1890 1384 1928 habet
1415 1890 1548 1940 opinio
1580 1890 1631 1943 ad
1660 1889 1834 1930 Nisibim

275 1948 467 1998 oppidum
499 1949 635 1987 eadem
659 1949 927 2000 referentium,
959 1962 1048 1988 cum
1074 1962 1203 1999 neque
1228 1949 1269 1987 in
1296 1949 1401 1988 edito
1428 1949 1505 1988 sita
1530 1961 1658 2000 neque
1683 1948 1834 2000 triplici
1894 2001 1896 2003 ‚

274 2020 388 2047 muro
422 2008 667 2046 circumdata
698 2008 821 2047 fuerit
845 2008 1007 2046 Nisibis.
1059 2008 1136 2047 Sed
1167 2009 1217 2046 ad
1243 2007 1495 2059 Carthaginis
1527 2007 1833 2059 descriptionem

274 2067 470 2116 pertinere
508 2068 779 2118 fragmentum
815 2068 1057 2118 putaverim,
1096 2068 1144 2106 cf.
1183 2067 1312 2106 Strab.
1343 2067 1405 2105 III
1440 2081 1477 2117 p.
1507 2069 1607 2107 158:
1650 2066 1833 2120 κρατίστη

273 2125 375 2164 πολὺ
417 2132 496 2165 τῶν
539 2126 659 2177 ταύτῃ
701 2125 872 2177 πόλεων,
916 2125 981 2165 καὶ
1016 2125 1090 2178 γὰρ
1135 2125 1314 2179 ἐρυμνή
1357 2122 1391 2165 τ’
1431 2124 1528 2166 ἐστὶ
1569 2123 1649 2165 καὶ
1690 2125 1832 2179 τείχει

273 2166 687 2237 κατεσκευασμέῦῳ
717 2184 783 2225 καὶ
814 2183 1034 2261 λιμέσιχκαὶ
1065 2185 1182 2241 λίμνῃ
1213 2184 1458 2237 κεκόσμηται.

394 2299 501 2344 58*.
562 2299 710 2355 Apud
740 2300 903 2342 latera
934 2303 1101 2342 certos
1131 2300 1401 2342 locaverat.

392 2416 497 2462 App.
547 2417 633 2461 (Inc
656 2416 1357 2463 53D,19K‚27G‚1p.595Br.)—
1385 2416 1484 2452 Serv.
1511 2415 1561 2451 ad
1579 2416 1669 2452 Aen.
1689 2416 1804 2453 16⁷6.
1818 2416 1831 2465 Η

273 2464 480 2510 locaverat]
507 2463 758 2499 collocaverat
781 2466 899 2510 vulyo.

393 2547 558 2586 Comm.
626 2547 763 2585 Talem
801 2547 851 2585 ad
889 2560 1067 2598 pugnam
1104 2547 1200 2586 haec
1236 2547 1356 2586 verba
1395 2546 1533 2586 referri
1570 2547 1745 2598 oportet,
1787 2546 1830 2585 in

275 2620 354 2656 qua
380 2607 421 2644 in
448 2619 640 2646 cornuum
664 2606 814 2656 proelio
841 2618 1040 2644 summum
1071 2606 1196 2645 totius
1221 2618 1379 2657 pugnae
1411 2606 1587 2655 positum
1613 2605 1666 2644 sit
1694 2605 1828 2644 discri-

273 2679 374 2704 men.
443 2666 557 2711 Quod
598 2666 750 2704 factum
794 2677 876 2703 esse
920 2678 1057 2715 pugna
1096 2665 1326 2716 Segoviensi
1365 2678 1385 2703 e
1421 2665 1614 2704 Frontino
1650 2665 1692 2703 Π
1730 2666 1826 2716 3,,5

274 2725 472 2776 discimus,
504 2738 674 2775 namque
706 2726 794 2762 tum
818 2724 1003 2762 Metellus
1033 2724 1198 2762 reducta
1228 2724 1358 2763 media
1389 2723 1472 2762 acie
1503 2725 1675 2774 utroque
1706 2734 1829 2762 cornu

275 2797 346 2823 suo
377 2784 568 2822 Hirtuleii
600 2783 814 2822 exercitum
844 2783 1104 2822 circumvenit
1135 2784 1256 2833 atque
1287 2783 1346 2821 ita
1377 2783 1590 2834 oppressit;
1622 2795 1745 2833 quare
1777 2781 1828 2820 ad

273 2843 479 2881 Metellum
508 2843 629 2882 verba
659 2843 855 2893 pertinere
885 2844 1100 2892 praeeunte
1131 2843 1205 2881 hac
1237 2855 1396 2892 quoque
1426 2842 1468 2880 in
1498 2855 1540 2881 re
1565 2837 1719 2891 'optime
1750 2841 1827 2880 De-

273 2901 423 2940 brossio
456 2902 648 2941 existimo.

1949 743 1976 871 iux-&3:11⁴

1971 1343 1976 1352 -
1964 1269 1976 1334 ...um
1949 1172 1976 1256 ..Alam
1958 956 1976 1163 hamum-*vem-‘u
1959 928 1976 943 ‘a
1964 873 1976 914 nn-
