1916 3178
880 141 1169 183 —78„.

246 247 347 288 dum
386 245 576 303 peracta)
626 246 867 288 vehementi
910 250 1023 289 terra
1066 250 1186 288 motu
1226 260 1430 288 concussa
1470 248 1554 303 est,
1596 245 1642 288 in
1677 245 1803 301 Italis

245 318 419 372 Reates‚
451 317 671 360 Cordubae
703 317 748 359 in
778 317 996 373 Hispania.
1004 317 1036 375 ¹)
1776 347 1778 349 >

363 388 527 430 Deinde
559 404 686 430 anno
715 389 775 431 75
799 389 845 430 L.
873 388 1048 431 Octavio
1076 388 1118 430 C.
1143 388 1318 430 Aurelio
1347 387 1473 429 Cotta
1497 402 1602 431 coss.
1629 386 1804 443 Cyrene,

246 474 352 514 quae
400 459 485 501 iam
524 459 689 515 pridem
728 458 910 515 Apionis
949 459 1063 516 regis
1104 459 1262 501 mortui
1302 460 1560 501 testamento
1599 457 1804 502 Romanis

246 530 345 571 data
385 533 494 586 erat,
539 530 584 572 in
623 531 864 586 provinciae
908 531 1089 572 formam
1132 531 1302 572 redacta
1342 527 1457 585 est52)
1516 528 1668 571 Paullo
1706 531 1806 585 post

245 602 357 642 fame
398 601 443 642 in
482 601 587 643 urbe
629 604 776 643 exorta
807 600 1076 656 tribunisque
1117 600 1383 657 agitantibus
1423 599 1636 642 tumultus
1664 599 1804 656 plebis

246 671 404 713 exarsit
413 670 461 728 3),
486 687 571 728 quo
597 672 642 714 in
668 672 900 714 enarrando
927 671 1155 714 Sallustius
1182 671 1332 714 Cottae
1358 670 1544 712 consulis
1568 670 1807 727 longiorem

245 742 371 784 finxit
408 742 655 784 orationem.
717 742 799 784 Sed
836 757 935 784 mox
966 742 1010 784 L.
1045 741 1213 798 Opimio
1245 742 1419 784 tribuno
1457 739 1595 797 plebis
1633 743 1805 784 auctore

248 813 290 855 C.
324 813 450 855 Cotta
487 813 627 870 legem
665 813 767 855 tulit
798 811 1134 869 tribuniciam4),
1170 816 1219 855 ut
1256 812 1441 854 tribunis
1478 811 1620 867 plebei
1655 811 1804 855 liceret

246 884 353 926 alios
392 884 590 940 deinceps
627 884 905 940 magistratus
942 899 1170 939 capessere.
1232 884 1296 926 De
1328 883 1423 925 aliis
1453 881 1672 925 nonnullis
1701 882 1804 939 legi-

246 955 344 1011 bus,
394 970 499 1010 quas
542 971 567 997 a
611 954 737 997 Cotta
779 955 906 1010 latas,
950 955 1023 997 sed
1066 970 1166 997 mox
1208 955 1262 996 ab
1306 954 1398 1010 ipso
1443 954 1672 1010 abrogatas
1713 967 1806 996 esse

246 1025 421 1081 scimus,
453 1025 682 1068 Sallustius
712 1025 821 1067 nihil
852 1023 1090 1082 rettulit-5)

364 1097 565 1139 Proximo
607 1111 735 1139 anno
778 1098 801 1140 7
811 1098 839 1139 4
879 1097 924 1139 L.
956 1096 1120 1138 Licinio
1158 1096 1336 1138 Lucullo
1372 1095 1429 1139 M.
1466 1094 1644 1138 Aurelio
1681 1093 1807 1138 Cotta
1835 1102 1848 1108 ⁶

246 1182 350 1209 coss.
383 1167 428 1209 L.
461 1166 662 1217 Quintius
699 1167 797 1210 trib.
835 1167 890 1223 pl.
925 1167 1061 1209 denuo
1100 1167 1151 1208 de
1182 1167 1445 1209 restituenda
1476 1165 1707 1209 tribunicia
1735 1181 1807 1222 po·

245 1242 402 1280 testate
435 1239 524 1295 egit
550 1238 811 1280 turbulentis
837 1237 1001 1294 aliquot
1027 1238 1311 1294 contionibus,
1337 1238 1410 1280 sed
1428 1237 1634 1280 Lucullus
1659 1236 1808 1283 consul

244 1309 415 1365 publice
447 1309 491 1350 in
523 1324 620 1350 eum
645 1309 918 1351 vehementer
949 1309 1153 1351 invehens
1184 1309 1468 1364 privatimque
1498 1307 1678 1364 pecunia
1709 1307 1808 1350 data

247 1383 402 1422 conatu
434 1380 655 1422 tribunum
687 1378 944 1436 deterruitf‘)

364 1450 497 1493 Porro
539 1466 667 1493 anno
709 1453 770 1494 73
810 1451 866 1493 M.
899 1451 1124 1493 Terentius
1154 1450 1290 1493 Varro
1321 1450 1524 1494 Lucullus
1562 1449 1605 1492 C.
1638 1449 1807 1493 Cassius

245 1522 384 1564 Varus
429 1537 533 1564 coss.
578 1523 719 1578 legem
761 1521 1084 1564 frumentariam
1097 1520 1131 1578 ⁷)
1175 1522 1384 1576 tulerunt,
1433 1536 1485 1563 ex
1527 1536 1612 1576 qua
1652 1521 1807 1563 Verres

244 1596 415 1649 praetor
455 1593 718 1635 frumentum
763 1593 809 1635 in
846 1592 990 1635 Sicilia
1029 1595 1272 1647 coemptum
1311 1592 1493 1634 Romam
1533 1592 1724 1635 mitteret
1764 1595 1807 1634 et

246 1679 329 1719 qua
359 1664 509 1719 Lepidi
541 1664 609 1705 lex
641 1663 825 1705 Aemilia
863 1663 1017 1705 iterata
1049 1666 1124 1705 est.
1186 1663 1350 1704 Eodem
1388 1677 1498 1705 anno
1537 1663 1607 1705 lex
1636 1662 1807 1704 Plautia

246 1736 296 1776 de
328 1735 467 1776 reditu
500 1732 859 1791 Lepidonorumss)
890 1734 977 1775 lata
1010 1749 1101 1776 esse
1133 1733 1319 1790 videtur,
1356 1748 1484 1789 quam
1515 1733 1605 1790 ipse
1637 1748 1806 1790 quoque

367 1879 399 1920 1)
425 1875 480 1912 Cf.
507 1875 643 1920 Obseq.
675 1886 705 1911 c.
731 1877 776 1910 59
812 1876 850 1910 et
885 1873 977 1910 Sall.
1007 1874 1050 1910 fr.
1077 1874 1111 1909 II
1137 1879 1182 1910 43
1218 1876 1291 1920 (ap.
1325 1873 1441 1910 schol.
1473 1873 1521 1909 ad
1545 1873 1631 1910 Luc.
1658 1874 1673 1908 Ι
1699 1875 1802 1920 652)=

250 1935 337 1971 ‘Set
366 1934 522 1970 Metello
554 1933 749 1970 Cordubae
782 1933 972 1969 hiemante
1009 1945 1091 1969 cum
1134 1933 1278 1968 duabus
1312 1932 1525 1978 legionibus
1556 1932 1681 1969 alione
1711 1943 1801 1969 casu

245 2005 311 2039 an,
351 1994 584 2041 sapientibus
615 1995 658 2028 ut
688 1993 830 2039 placet,
868 1992 972 2028 venti
1002 2003 1069 2038 pel
1100 2003 1192 2028 cava
1216 1994 1342 2028 terrae
1370 1991 1489 2027 citatu
1518 1991 1620 2068 rupti
1655 1991 1801 2038 aliquot

245 2055 391 2088 montes
417 2052 626 2098 tumulique
651 2052 856 2089 sederunt’

363 2114 400 2157 2)
427 2112 480 2149 cf.
515 2112 604 2148 Sall.
640 2111 682 2148 fr.
715 2111 836 2147 Berol.
869 2111 939 2146 col.
970 2111 1004 2145 II
1037 2110 1213 2156 (Hauler-
1221 2110 1392 2155 Jordan),
1427 2110 1523 2156 App.
1548 2109 1584 2146 b.
1617 2121 1648 2147 c.
1673 2110 1691 2145 Ι
1717 2114 1801 2154 111;

245 2171 343 2207 Plut.
381 2183 472 2207 mor.
509 2183 545 2217 p.
571 2174 640 2206 255
661 2170 708 2212 E;
745 2170 848 2206 Eutr.
879 2169 930 2205 VI
961 2174 1020 2213 113
1060 2171 1095 2206 S.
1128 2169 1211 2205 Ruf.
1246 2169 1343 2204 Fest.
1382 2180 1412 2206 c.
1442 2174 1502 2214 133
1539 2169 1659 2205 Amm.
1686 2169 1798 2205 Marc.

244 2231 347 2265 XXII
374 2235 428 2275 16,
456 2234 512 2266 24.

365 2291 399 2335 3)
426 2289 478 2325 Cf.
506 2289 595 2325 Sall.
621 2289 665 2324 fr.
691 2288 810 2324 Berol.
837 2288 963 2324 Aurel.
990 2287 1059 2324 col.
1085 2287 1242 2323 11--1V.

363 2350 399 2395 4)
427 2348 481 2384 Cf.
515 2348 603 2384 Sall.
642 2359 694 2384 or.
726 2347 802 2384 Lic.
835 2347 947 2384 Macr.
974 2351 993 2390 ξ
1023 2351 1061 2391 8;
1099 2347 1230 2382 Ascon.
1266 2359 1301 2392 p.
1336 2351 1380 2391 66
1412 2348 1451 2382 et
1481 2350 1542 2392 '783
1578 2346 1803 2384 Ps.-Ascon.

244 2420 279 2454 p.
306 2412 387 2445 200.

364 2471 399 2513 5)
425 2466 478 2503 Cf.
505 2466 578 2502 Cic.
603 2476 671 2512 pro
698 2465 840 2502 Cornel.
866 2465 908 2501 fr.
937 2469 958 2500 8
984 2467 1022 2500 et
1046 2465 1179 2501 Ascon.
1206 2478 1240 2511 p.
1263 2469 1318 2502 66.

364 2528 399 2572 6)
425 2526 480 2562 Cf.
518 2525 615 2561 Plut.
652 2525 738 2560 Luc.
777 2529 815 2567 ὅς
865 2524 998 2560 Ascon.
1041 2537 1077 2569 p.
1119 2529 1201 2569 1033
1253 2523 1327 2559 Cic.
1364 2535 1430 2570 pro
1469 2523 1610 2560 Cluent.
1652 2528 1707 2562 w.
1747 2528 1803 2561 79.

247 2591 324 2622 103.
355 2590 432 2622 116.

365 2649 401 2690 7)
427 2644 516 2680 Sall.
544 2654 595 2679 or.
620 2643 737 2678 Licin.
763 2642 877 2679 Macr.
900 2647 1068 2686 19—203
1097 2642 1170 2679 Cic.
1191 2642 1296 2678 Verr.
1321 2642 1374 2677 III
1401 2645 1467 2678 163
1494 2643 1532 2677 et
1556 2642 1590 2678 V
1615 2645 1672 2678 52.

364 2706 400 2749 8)
427 2703 520 2739 Gen.
540 2703 626 2738 XIII
645 2708 683 2746 33
709 2702 791 2738 Val.
812 2702 910 2739 Max.
933 2702 999 2737 VII
1021 2707 1052 2746 7,
1073 2706 1109 2746 ὃς
1137 2702 1237 2738 Suet.
1264 2700 1367 2738 Caes.
1388 2705 1409 2736 ὅ
1436 2722 1479 2727 -
1505 2699 1648 2735 Iniuria
1672 2701 1799 2735 autem

246 2763 350 2798 Kritz
376 2765 415 2799 et
435 2761 656 2798 Schlimmer
674 2761 698 2797 l.
718 2761 742 2797 l.
768 2773 803 2806 p.
825 2765 869 2796 33
889 2760 1077 2796 Plautiam
1104 2760 1338 2806 rogationem
1363 2770 1461 2795 anno
1482 2764 1525 2796 77
1551 2758 1799 2803 vindicarunt,

246 2821 421 2866 quoniam
449 2833 468 2856 e
494 2820 672 2856 Suetonio
699 2819 791 2855 satis
817 2821 966 2854 constat
991 2819 1082 2854 belli
1108 2819 1359 2855 Mithridatici
1382 2818 1494 2854 initio
1518 2818 1542 2854 i.
1570 2829 1600 2854 e.
1627 2829 1725 2853 anuo
1751 2821 1798 2854 ‘14

242 2881 282 2916 in
308 2881 400 2915 Asia
430 2881 545 2916 fuisse
572 2880 779 2915 Caesarem.
835 2879 951 2914 Recte
978 2879 1106 2924 Lange
1132 2879 1260 2922 „Rom
1287 2878 1538 2913 Alterti'imer“
1562 2877 1637 2912 111²
1666 2888 1704 2922 p.
1734 2881 1801 2913 185
