1976 3190
222 265 265 296 85
294 253 537 316 cumulatur
573 251 818 308 insignibus
844 254 886 294 et
915 252 1089 308 proprio
1116 252 1296 294 arbitrio
1329 251 1502 307 deponit
1533 252 1722 308 imperia.
1759 252 1852 308 la·-

219 621 263 651 90

292 145 412 182 XVIII
926 143 1211 180 PRAEFATIO.

293 326 493 367 ceratae
536 323 609 365 rei
645 323 882 378 publicae
922 326 1063 366 artus
1094 328 1132 367 et
1166 327 1354 366 cruentae
1387 324 1589 377 pecuniae
1617 324 1736 378 iussu
1764 324 1853 378 eim

292 398 349 439 ad
377 395 666 450 &nobiliorum
702 395 914 437 hominnm
945 396 1113 438 divitias
1145 396 1419 449 conferuntur.
1479 396 1580 450 post
1604 393 1710 437 haec
1724 394 1851 449 >mala

293 467 437 522 quieta
469 465 697 508 securitate
734 466 894 508 fruitur
925 469 967 508 et
1000 466 1262 508 abundantia
1295 466 1502 507 scelerum
1534 465 1756 523 saginatus
1786 465 1854 518 der

292 540 407 579 creto
436 536 690 592 amplissimi
717 539 890 579 senatus
917 540 959 579 et
983 537 1133 593 populi
1157 537 1343 579 Romani
1367 536 1539 579 nomine
1563 551 1793 602 prosperae
1811 539 1854 580 et

289 611 519 663 perpetuae
550 607 770 650 felicitatis
803 611 989 650 ornatur.
1050 607 1126 650 ubi
1164 622 1278 650 nunc
1313 610 1413 649 sunt
1445 608 1519 663 qui
1548 610 1710 666 negant
1733 610 1855 652 actus

291 681 466 722 nostros
499 679 722 721 stellarum
754 678 945 721 fortuitis
984 678 1181 721 cursibus
1218 678 1479 736 gubernari?
1527 679 1601 722 ille
1633 679 1854 736 [crudelis]

291 749 615 807 perfidissimus,
647 765 773 806 quem
802 749 959 792 scimus
989 765 1078 805 per
1110 750 1276 792 omnia
1308 749 1638 793 crudelitatis
1669 765 1856 808 genera

292 824 602 880 grassatum,
634 836 807 863 securus
849 821 991 863 omnia
1024 821 1247 878 dignitatis
1281 823 1531 864 ornamenta
1563 821 1855 878 consequitur:

293 893 467 935 Marius
509 907 600 936 vcro
635 896 732 947 post
773 892 1026 946 triumphum
1062 892 1288 947 Iuynrthae
1329 896 1630 947 ceterarumque
1673 894 1857 948 gentium

225 975 268 1007 95
295 978 399 1019 quas
429 965 586 1019 subegit
612 965 764 1019 postea
795 977 922 1018 quam
953 963 1104 1005 urbem
1134 963 1317 1024 ftomam
1349 966 1390 1005 et
1422 963 1610 1006 externis
1641 966 1685 1007 et
1717 963 1857 1007 dome-

295 1035 416 1077 sticis
441 1035 642 1091 periculis
668 1034 880 1091 liberavit,
905 1037 1005 1089 post
1029 1034 1314 1090 triumphales
1339 1049 1563 1092 purpuras,
1593 1037 1694 1091 post
1718 1034 1857 1091 pictas

295 1121 528 1162 aureasque
565 1107 777 1162 palmatas
817 1107 965 1160 ferreis
1006 1107 1225 1161 sbrinyitnr
1262 1106 1438 1149 vinculis
1474 1110 1734 1149 catencsrum:
1775 1120 1859 1150 ecce

294 1178 388 1221 exul
411 1179 459 1220 in
481 1178 708 1232 paludibus
734 1177 1097 1225 Minmrnensibus
1122 1177 1267 1230 latitat,
1299 1192 1382 1220 ecce
1405 1178 1579 1220 carceris
1601 1177 1859 1232 squaloribus

286 1250 515 1304 premitur:
558 1250 669 1292 vides
700 1252 747 1291 ut
774 1250 832 1291 ad
860 1250 1107 1303 crepidinem
1146 1250 1308 1292 dirutae
1338 1250 1619 1304 Karthaginis
1657 1250 1859 1304 fuyitivus

206 1333 271 1364 100
297 1322 469 1363 accedat.
532 1320 628 1375 quis
673 1320 774 1362 deus
819 1322 894 1361 aut
936 1320 1103 1362 exulem
1146 1319 1332 1362 Marium
1375 1322 1449 1362 aut
1491 1319 1659 1362 felicem
1700 1319 1859 1362 fecerat

205 1687 270 1720 105

296 1390 489 1434 Sullam?
531 1391 693 1433 Paulus
729 1390 964 1446 imperator
1002 1391 1133 1432 militi
1163 1391 1301 1433 Mario
1345 1390 1628 1446 promittebat
1669 1390 1860 1448 imperia,

295 1463 464 1519 legatus
498 1461 617 1505 Sulla
648 1462 891 1504 Romanum
922 1462 1142 1504 deserebat
1175 1463 1424 1505 exercitum:
1462 1465 1505 1505 et
1535 1465 1680 1504 tamen
1709 1463 1860 1518 postea

294 1533 453 1576 iudicio
491 1533 689 1576 fortunae
725 1534 799 1575 ille
837 1533 936 1575 exul
972 1534 1112 1575 factus
1151 1536 1235 1591 est,
1274 1534 1348 1576 ille
1385 1533 1500 1576 felix,
1560 1532 1692 1576 nimis
1728 1533 1860 1590 longa

298 1605 492 1647 oratione
523 1605 610 1648 vim
640 1605 1023 1660 necessitatemque
1061 1605 1159 1662 fati,
1204 1605 1426 1647 stellarum
1463 1604 1594 1647 etiam
1622 1606 1860 1660 potestates

298 1676 323 1703 ’¹‘
354 1676 378 1703 ’¹‘
409 1675 434 1703 ’¹‘
466 1675 706 1719 Sullanae
753 1675 1122 1718 dominationis
1166 1676 1302 1718 facta
1353 1675 1579 1718 crudelia
1627 1675 1681 1717 ad
1727 1674 1860 1718 istum

298 1762 537 1790 sermonem
568 1747 826 1790 deflevimus.

414 1830 628 1900 Varfieet.
680 1868 700 1898 2
726 1863 785 1898 uir
809 1875 875 1900 om.
904 1864 954 1899 M
972 1866 976 1910 Ι
999 1862 1138 1901 omium
1163 1863 1276 1912 famie
1297 1863 1333 1899 A
1357 1862 1514 1913 infami9
1545 1864 1588 1900 in
1610 1874 1682 1900 ras.
1706 1863 1738 1911 Q
1757 1857 1859 1899 infa-

297 1935 374 1970 mia
398 1935 725 1980 maculationeque
759 1937 782 1982 β
800 1937 811 1981 ΙΙ
831 1939 851 1970 3
879 1935 1013 1980 syllam
1038 1935 1133 1970 ΒΜ
1137 1935 1200 1982 Ρβ
1226 1934 1351 1970 sillam
1375 1935 1454 1982 AQ
1477 1939 1682 1972 constanter
1701 1935 1708 1982 1
1729 1933 1810 1982 qui]
1837 1914 1861 1978 g

299 1995 335 2029 P
355 1997 367 2038 ΙΙ
392 1998 415 2029 4
439 1994 646 2030 uenundati
673 1996 695 2041 β
720 1996 731 2041 ΙΙ
758 1999 778 2030 5
805 1997 843 2030 et
868 1995 925 2042 ut]
952 1996 990 2030 et
1015 1996 1058 2029 ut
1081 1994 1221 2029 totiens
1247 1995 1283 2029 Β
1309 1995 1331 2041 β
1353 1996 1358 2040 Ι
1387 1994 1571 2042 fecerunt]
1596 1994 1765 2030 fecerunt
1787 1994 1861 2030 Ro-

300 2065 432 2089 manae
456 2055 478 2100 β
503 2057 514 2100 Η
535 2059 554 2089 6
580 2054 752 2090 lateratis
779 2054 834 2088 Pl
853 2055 865 2100 ΙΙ
885 2058 905 2088 8
930 2053 1241 2089 inn*umerabiles
1268 2054 1318 2088 M
1335 2053 1340 2100 Ι
1361 2052 1678 2099 proscriptionum
1701 2064 1746 2089 ex
1774 2064 1860 2099 pro·
1912 2055 1915 2059 '

299 2113 519 2158 scriptiones
545 2125 635 2150 corr.
663 2115 699 2148 P
735 2116 739 2159 Ι
773 2113 922 2159 inponit
946 2114 983 2148 A
1007 2113 1167 2159 imponit
1196 2114 1226 2160 Q
1256 2113 1261 2161 Ι
1294 2113 1452 2161 peniarsi
1481 2113 1518 2148 P
1549 2114 1562 2159 ΙΙ
1594 2116 1614 2148 9
1639 2111 1860 2158 parricidali

298 2173 393 2207 ΒΜ
397 2173 459 2219 Ρβ
489 2173 723 2218 parricidiali
748 2173 826 2220 ΑΩ
847 2175 852 2219 l
875 2172 1121 2208 collocatione
1147 2172 1177 2207 B
1207 2174 1219 2219 ΙΙ
1248 2176 1289 2208 11
1317 2172 1553 2208 necessitatis
1584 2173 1602 2192 ¹¹
1627 2183 1708 2208 cwm
1730 2183 1802 2208 ras.
1829 2171 1867 2207 P

298 2231 503 2268 necessitas
539 2233 586 2279 ρῑ
617 2235 628 2279 ΙΙ
661 2236 703 2267 12
729 2232 854 2267 media
880 2233 916 2267 Β
950 2234 955 2279 Ι
987 2232 1070 2267 sinu
1104 2233 1211 2279 ΒΡβ
1243 2231 1323 2268 foro
1349 2232 1444 2268 AM
1451 2233 1481 2279 Q
1510 2233 1523 2278 ΙΙ
1549 2235 1593 2267 13
1618 2230 1734 2267 michi
1758 2231 1859 2278 PQl

299 2290 445 2326 nullum
469 2303 514 2327 ex
537 2291 643 2326 nulla
668 2303 757 2328 corr.
785 2293 822 2326 P
837 2293 848 2338 ΙΙ
869 2295 912 2326 18
940 2303 1051 2327 senex
1076 2291 1243 2327 exoletus
1269 2292 1337 2339 Ββ
1368 2303 1474 2327 senes
1499 2291 1665 2327 exoletos
1690 2290 1863 2337 AMPQ

299 2351 311 2397 Η
342 2354 387 2385 20
420 2351 543 2398 Hunc]
580 2362 678 2386 nunc
715 2352 783 2398 Ββ
822 2353 827 2397 Ι
867 2350 1029 2398 imptura
1049 2370 1057 2379 ·
1076 2354 1119 2398 151·
1138 2371 1146 2379 ·
1166 2350 1350 2396 petitione
1388 2351 1438 2387 M
1470 2350 1663 2397 inpretura
1699 2348 1863 2396 prepeti-

300 2409 402 2445 tione
428 2409 563 2456 (-cione
588 2411 630 2457 Q)
650 2411 768 2457 APQ
789 2410 829 2445 in
852 2413 1029 2456 praetura
1055 2422 1078 2446 a
1101 2412 1300 2456 praeturae
1325 2410 1508 2456 petitione
1527 2411 1597 2458 Ββ
1620 2409 1662 2445 in
1684 2410 1863 2455 praetura

293 2468 431 2515 *populi
455 2468 615 2504 Romani
639 2469 822 2515 petitione
855 2470 986 2506 Usener
1003 2471 1016 2516 ΙΙ
1041 2474 1083 2505 21
1112 2470 1187 2517 cui]
1214 2469 1274 2505 cui
1298 2469 1357 2504 uir
1381 2470 1418 2505 B
1424 2471 1448 2517 β
1469 2472 1475 2516 Ι
1497 2469 1684 2506 censorius
1709 2469 1746 2505 Β
1768 2470 1774 2515 1
1794 2470 1864 2504 huc

301 2552 412 2586 usque
442 2541 596 2576 codicem
631 2541 661 2587 Q
691 2542 844 2576 contulit
876 2542 1007 2577 Usener
1036 2542 1048 2587 ΙΙ
1079 2545 1123 2576 22
1149 2541 1250 2576 bello
1276 2540 1452 2576 cimbrico
1478 2540 1560 2587 (Oy—
1585 2541 1622 2588 β)
1647 2541 1715 2588 Ββ
1739 2527 1861 2587 bellfls

301 2599 486 2644 inillyrico
512 2600 550 2635 P
572 2599 673 2635 bello
704 2599 881 2635 inillirico
915 2601 1058 2645 (deinde
1083 2602 1125 2636 in
1150 2601 1200 2636 M
1219 2612 1352 2637 raswra
1381 2601 1494 2636 unius
1522 2601 1704 2645 vocabuli)
1741 2599 1837 2635 AM
1852 2600 1863 2646 Η

303 2663 348 2694 24
361 2658 421 2694 his
434 2659 552 2694 tantis
571 2660 666 2695 ΒΜ
669 2660 706 2695 Ρ
720 2659 837 2695 tantis
856 2659 915 2694 his
935 2660 972 2694 A
990 2659 1114 2694 tantis*
1129 2661 1151 2706 β
1171 2660 1182 2707 1}
1202 2663 1246 2695 25
1271 2659 1475 2695 autoritate
1494 2659 1531 2695 Β
1538 2659 1561 2706 β
1580 2658 1592 2706 ΙΙ
1611 2662 1656 2694 26
1677 2657 1864 2694 conuertit

306 2730 395 2754 corr.
421 2719 444 2765 β
470 2718 645 2754 conuenit
669 2717 805 2755 ΑΒΜ
811 2719 847 2754 Ρ
861 2721 873 2765 ΙΙ
893 2722 936 2754 27
964 2718 1098 2754 Omnia
1123 2731 1203 2755 cum
1233 2720 1392 2766 vestiyiis
1415 2730 1567 2755 raswrae
1590 2729 1706 2764 suana
1728 2729 1793 2752 mn
1817 2718 1865 2753 M

305 2778 316 2820 ῥ’
336 2782 380 2813 28
407 2777 651 2814 conferuntur>
671 2779 737 2826 Αβ
760 2779 764 2826 Ι
785 2778 930 2827 integre
951 2778 1044 2813 AM
1053 2779 1064 2797 ¹
1083 2780 1094 2824 ΙΙ
1114 2782 1158 2813 29
1178 2778 1370 2826 uerissime
1391 2778 1428 2813 A
1445 2779 1458 2824 ss
1477 2781 1522 2813 30
1548 2776 1723 2823 sulpitius
1741 2777 1838 2813 ΒΜ
1840 2778 1864 2824 β

307 2841 309 2883 ξ
332 2839 377 2872 tr.
403 2837 453 2883 pl.
479 2838 509 2872 B
534 2840 546 2884 Η
565 2841 608 2873 31
634 2837 853 2884 paricidalis
876 2839 912 2874 Β
935 2836 1187 2883 parricidialis
1206 2838 1243 2873 A
1265 2838 1270 2885 1
1292 2836 1568 2873 animaduersio
1590 2836 1650 2882 ΡΙ
1670 2835 1862 2882 perculsus

305 2895 341 2931 A
359 2897 371 2941 ΙΙ
390 2899 434 2930 32
460 2896 657 2941 tyrannico
682 2897 718 2932 A
741 2897 745 2944 Ι
767 2897 820 2944 et]
847 2908 890 2932 ac
909 2897 946 2932 Β
968 2897 973 2944 l
996 2896 1219 2932 sceleretata
1244 2896 1280 2931 A
1298 2897 1310 2942 ΙΙ
1330 2899 1375 2930 34
1399 2897 1442 2931 ut
1467 2896 1505 2932 et
1524 2895 1615 2931 MP
1641 2896 1680 2931 et
1702 2895 1747 2930 ut
1763 2895 1801 2930 A
1818 2896 1862 2931 ut
