1976 3190
284 162 367 203 154
760 160 915 196 Sallusti
938 160 1188 197 Historiarum
1212 161 1277 198 lib.
1297 162 1358 197 III.
1397 162 1401 171 ’

400 272 566 312 Comm.
628 271 663 309 A
697 273 887 322 Spartaco
918 274 992 312 hoc
1021 275 1278 323 praeceptum
1314 273 1497 324 fugitivis
1534 285 1616 312 esse
1647 273 1728 312 iam
1759 273 1835 313 De-

279 332 453 370 brossius
473 331 680 370 intellexit.
720 330 904 370 Ceterum
923 335 1091 371 mortuos
1110 333 1428 371 subaudiendum
1448 345 1542 383 esse,
1567 333 1673 382 quod
1690 345 1835 384 negare

279 404 356 428 non
389 390 526 428 debuit
557 390 729 441 Dietsch,
761 391 825 429 vel
856 405 876 430 e
909 391 1142 431 scholiastae
1173 391 1500 441 interpretatione
1532 391 1712 430 efficitur.

400 490 545 547 10252
606 492 669 534 Hi
701 493 926 552 locorum
960 494 1242 550 perignari,
1281 497 1328 536 et
1361 493 1505 535 soliti
1541 496 1745 536 nectere
1776 509 1834 539 ex

278 563 557 605 viminibus
593 579 711 606 vasa
742 565 967 620 agrestia
1005 565 1078 607 ibi
1119 568 1241 622 tum,
1284 565 1417 620 quod
1457 565 1632 621 inopia
1668 567 1834 608 scuto-

276 649 381 676 rum
422 634 642 690 ferebat,
686 650 740 676 ea
784 638 892 677 arte
934 651 983 678 se
1029 636 1243 691 quisque
1284 636 1334 678 in
1377 636 1588 678 formam
1631 649 1834 692 parmae

278 705 535 760 equestris
568 707 799 748 armabat
830 707 1043 762 <scuto>.

396 811 500 855 App.
553 811 615 855 (IV
637 815 654 845 1
669 811 713 855 D,
742 815 785 845 22
799 811 843 855 K,
869 816 890 846 4
907 811 948 856 G,
974 812 1007 846 II
1029 824 1064 857 p.
1087 816 1154 847 145
1169 812 1242 857 Br.)
1264 834 1307 838 —
1326 812 1470 847 Nonius
1491 811 1611 847 XVIII
1634 824 1670 858 p.
1691 815 1770 848 564.
1790 833 1833 839 —

274 857 360 893 hist.
382 857 446 893 lib.
467 858 518 892 IV
537 859 650 902 codd„
674 859 802 904 vu1905
822 860 912 894 libro
932 860 1035 894 tertio
1054 861 1297 905 fraymentum
1316 861 1512 905 assianum,
1535 871 1616 895 cwm
1633 864 1666 895 et
1683 871 1701 894 e
1721 859 1837 897 Floro

275 905 517 950 Appianoque
536 906 800 941 eluceat‘hieme
821 908 932 951 75772
957 907 1059 942 hasce
1077 919 1132 942 res
1151 908 1323 942 accidisse
1343 912 1375 942 et
1394 919 1438 942 ex
1455 907 1503 950 fr.
1525 910 1597 942 100
1621 908 1725 942 tertio
1745 908 1836 944 li'bro

273 954 412 988 easdem
442 954 620 988 contineri
650 958 830 998 sequatur.
864 954 875 998 ΙΙ
906 953 1112 1000 perignari]
1150 954 1325 999 pergnari
1366 966 1410 990 ex
1444 955 1595 990 Douzae
1631 955 1837 991 coniectura

273 1001 391 1045 vulyo,
410 1005 449 1035 at
468 1001 512 1044 cf.
526 1002 574 1044 fr.
591 1003 648 1035 99.
663 1021 710 1025 —
722 999 883 1047 ferebat]
904 1000 1006 1036 fuere
1027 1001 1075 1035 ad
1096 1003 1209 1044 codd„
1228 1001 1351 1036 fuerat
1370 1003 1487 1048 vulyo,
1507 1013 1596 1038 corr.
1618 1002 1663 1037 L.
1684 1001 1836 1046 Muller,

272 1059 359 1082 sane
392 1049 784 1092 plusquamperfectum
824 1049 973 1083 tolerari
1010 1050 1143 1094 nequit.
1177 1070 1223 1074 —-
1255 1050 1376 1095 scuto]
1409 1061 1453 1084 em
1478 1048 1595 1085 Servii
1625 1049 1700 1085 loeo
1731 1050 1836 1094 infra

274 1095 425 1130 laudato
450 1106 494 1130 ac
521 1095 703 1130 Frontino
729 1095 919 1140 Nonioque
945 1097 1087 1139 addidi,
1113 1096 1244 1141 clupeo
1270 1098 1388 1142 suppl.
1410 1097 1568 1132 Dietsch.

394 1177 532 1223 103*.
596 1178 744 1221 Coria
781 1195 956 1222 recens
996 1180 1228 1222 detracta
1259 1180 1403 1236 quasi
1435 1180 1638 1237 glutino
1669 1180 1836 1223 adole-

277 1250 498 1292 scebant.

392 1342 497 1388 App.
550 1343 614 1388 (IV
634 1344 709 1389 21),
738 1348 781 1379 23
794 1344 838 1389 Κ,
866 1348 886 1379 5
902 1344 944 1389 G,
970 1345 1003 1379 Π
1028 1357 1063 1390 p.
1086 1348 1154 1380 100
1180 1346 1218 1379 et
1245 1347 1312 1379 145
1325 1344 1400 1389 Br.)
1426 1366 1473 1370 —
1499 1344 1597 1380 Serv.
1625 1343 1674 1379 ad
1699 1343 1832 1390 Georg.

272 1391 322 1424 ΠΙ
350 1394 427 1426 156.
443 1412 487 1416 -
503 1390 696 1427 Praeterea
722 1391 912 1427 Charisius
938 1404 972 1437 p.
995 1395 1039 1427 88
1065 1394 1148 1428 inde
1173 1405 1197 1427 α
1222 1391 1331 1436 quasi
1356 1403 1386 1427 e.
1407 1403 1440 1436 q.
1463 1403 1508 1435 s.;
1534 1390 1626 1427 ibid.
1651 1403 1687 1436 p.
1709 1394 1774 1426 131
1801 1395 1835 1427 et

273 1437 386 1473 schol.
414 1437 534 1473 Vatic.
563 1438 756 1484 (Philarg.)
783 1439 831 1474 ad
857 1438 989 1485 Georg.
1017 1440 1067 1475 IV
1087 1444 1147 1476 40:
1177 1439 1337 1484 ‘glutino
1364 1438 1632 1475 adolescebat?
1659 1459 1706 1464 —-
1730 1437 1833 1474 Beda

272 1485 318 1520 de
345 1485 438 1520 orth.
467 1485 549 1530 (VH
573 1498 607 1530 p.
631 1488 728 1532 274):
765 1486 967 1532 ‘glutinum
993 1487 1192 1522 Sallustius
1219 1486 1315 1521 dixit
1336 1516 1341 1522 .
1359 1516 1365 1521 .
1382 1516 1412 1522 ..
1434 1485 1607 1531 glutino.'
1641 1507 1688 1512 —
1719 1486 1834 1522 Verba

273 1532 442 1568 Sallustii
459 1544 539 1568 cum
560 1533 676 1568 Servii
694 1535 744 1569 ad
762 1534 853 1570 Aen.
881 1535 963 1569 VII
977 1537 1050 1570 632
1074 1535 1206 1570 scholio
1229 1535 1330 1576 foede
1356 1534 1617 1569 contaminavit
1635 1533 1768 1570 ibidem
1786 1532 1834 1576 F,

271 1581 312 1615 in
337 1591 406 1625 quo
425 1585 568 1616 eoetant:
593 1580 658 1624 qui
685 1581 729 1616 de
756 1581 893 1617 vimine
920 1581 1011 1616 facti
1032 1584 1138 1617 scuta
1157 1581 1368 1616 recentibus
1394 1580 1574 1616 detractis
1594 1579 1706 1616 coriis
1725 1579 1833 1625 quasi

271 1626 417 1672 glutino
444 1627 720 1664 adolescebant.
741 1630 752 1673 ΙΙ
772 1629 895 1675 quasi]
925 1629 1122 1673 Charisius,
1151 1629 1310 1665 FServii
1328 1630 1377 1664 ad
1397 1629 1486 1664 Aen.
1510 1629 1592 1664 VII
1605 1630 1689 1672 632,
1713 1626 1833 1663 veluti

273 1674 419 1711 Servius
444 1677 493 1711 ad
521 1675 647 1722 Georq.

390 1744 557 1784 Oomm.
607 1746 670 1784 Ad
689 1748 904 1797 utrumque
924 1747 1193 1798 fragmentum
1219 1748 1373 1796 spectat
1392 1746 1520 1785 Servii
1544 1757 1702 1796 quoque
1721 1745 1832 1784 testi-

270 1805 449 1843 monium
474 1805 525 1843 ad
548 1805 646 1844 Aen.
672 1806 751 1844 VII
773 1808 873 1845 632:
906 1803 968 1844 ‘ut
993 1806 1090 1845 dicit
1116 1805 1332 1844 Sallustius
1352 1806 1410 1844 de
1436 1804 1662 1856 Lucanis,
1689 1803 1759 1855 qui
1783 1803 1830 1843 de

270 1863 417 1903 vimine
451 1864 558 1903 facta
590 1867 704 1903 scuta
736 1865 851 1904 coriis
883 1861 1100 1917 tegebant?

391 1954 530 1999 104*.
582 1954 816 1998 Germani
848 1956 1096 1998 intectum
1122 1955 1401 1998 renonibus
1427 1969 1610 2010 corpus
1635 1957 1830 2011 tegunt.

390 2049 494 2094 App.
546 2048 633 2094 (Inc.
656 2053 699 2084 18
713 2049 762 2094 D,
793 2049 845 2083 III
865 2052 908 2083 57
922 2049 971 2093 K,
1003 2049 1055 2083 ΙΠ
1075 2052 1118 2083 27
1134 2048 1181 2094 G,
1214 2049 1230 2083 Ι
1259 2061 1295 2094 p.
1317 2052 1385 2083 640
1398 2048 1472 2093 Br.)
1503 2069 1550 2073 —
1579 2046 1709 2082 Isidor.
1737 2045 1828 2092 orig.

270 2096 355 2130 XIX
370 2100 424 2140 23,
439 2101 471 2131 4.
492 2099 503 2140 u
522 2095 719 2143 intectum]
739 2096 871 2131 intecti
891 2097 982 2132 coni.
1001 2096 1112 2140 Celer,
1132 2098 1256 2131 cetera
1275 2100 1358 2131 ante
1375 2095 1557 2130 intectum
1570 2095 1654 2130 add.
1671 2093 1828 2130 Dietsch.

392 2192 528 2236 105=¹=.
591 2191 798 2234 Servius
830 2193 887 2234 ad
919 2191 1094 2249 Georg.
1126 2191 1187 2234 HI
1219 2194 1322 2235 383:
1364 2192 1490 2246 ‘nam‚
1522 2193 1571 2232 ut
1601 2189 1839 2233 Sallustius·

271 2262 374 2304 dicit
405 2262 450 2304 in
480 2262 684 2319 historiis,
715 2266 854 2305 vestes
886 2263 937 2305 de
969 2263 1157 2318 pellibus
1187 2276 1357 2305 renones
1387 2263 1602 2304 vocantur.

388 2368 493 2413 App.
544 2367 630 2412 (Ine.
654 2371 697 2402 19
710 2367 760 2412 D,
792 2367 843 2402 111
863 2371 907 2402 58
921 2367 969 2412 K,
997 2370 1041 2402 28
1057 2367 1104 2412 e,
1137 2367 1154 2401 1
1177 2379 1212 2412 p.
1235 2370 1300 2402 641
1315 2366 1390 2412 ΒΥ.)
1427 2387 1474 2392 -
1511 2365 1686 2402 similiter
1713 2365 1828 2402 svm.

271 2416 383 2452 Bern.
410 2416 460 2450 ad
484 2416 634 2450 eundem
660 2416 784 2450 locum.

390 2485 556 2525 Comm.
619 2485 865 2535 Ampliorem
903 2475 1137 2524 Germaniae
1169 2485 1534 2534 Germanorumque
1572 2483 1614 2521 in
1651 2482 1827 2524 historiis

270 2545 391 2584 fuisse
423 2544 727 2594 descriptionem
758 2544 927 2582 editores
959 2544 1114 2583 duobus
1145 2544 1206 2582 his
1233 2557 1252 2583 e
1278 2543 1512 2595 fragmentis
1537 2542 1826 2593 concluserunt,

270 2618 391 2655 quam
423 2603 645 2643 exhibuisse
678 2603 915 2642 Sallustium
951 2603 992 2641 in
1025 2603 1207 2643 Curionis
1239 2602 1487 2653 expeditione
1525 2600 1745 2640 enarranda
1776 2601 1827 2640 ad

269 2664 497 2703 Danuvium
530 2676 656 2713 usque
687 2662 886 2714 progressi
917 2662 1096 2712 plerique
1127 2663 1335 2712 putarunt.
1389 2661 1673 2700 Verumtamen
1697 2673 1826 2710 neque

271 2724 321 2761 ad
357 2723 586 2762 Danuvium
625 2721 782 2761 omnino
822 2721 1037 2760 Germanos
1076 2721 1195 2761 Curio
1233 2721 1452 2771 conspexit,
1489 2732 1617 2769 neque
1655 2719 1825 2769 Scythae

270 2795 391 2832 supra
415 2783 589 2821 Pontum
619 2781 845 2820 habitantes
873 2794 999 2830 neque
1026 2781 1256 2832 Bastarnae,
1287 2779 1530 2818 Mithridatis
1561 2777 1722 2829 auxilia,
1753 2790 1824 2827 pro

271 2841 477 2880 Germanis
507 2841 636 2879 habiti
666 2852 859 2890 umquam
890 2841 984 2877 sunt
1015 2834 1250 2892 (utrumque
1283 2839 1387 2878 enim
1418 2840 1536 2877 antea
1564 2837 1825 2887 proposuerat

271 2895 475 2954 Gerlach),
513 2901 559 2939 de
591 2899 793 2939 Ariovisto
830 2911 922 2938 vero
955 2898 1169 2951 Germano,
1207 2899 1253 2937 de
1286 2911 1364 2949 quo
1395 2898 1601 2948 praeterea
1631 2895 1826 2947 cogitavit
