1976 3190
278 155 333 197 70
758 154 913 191 Sallusti
938 155 1188 191 Historiarum
1213 156 1278 192 lib.
1299 157 1342 192 II.

395 262 511 317 5⁴26.
563 261 923 319 Collegamque
943 263 1051 306 eius
1071 263 1334 306 Octavium
1360 264 1532 306 mitem
1557 268 1606 308 et
1630 269 1832 322 captum

277 333 507 389 pedibus.

397 437 501 482 App.
553 436 600 482 (ΙΙ
622 441 666 472 36
680 437 724 482 D,
750 437 802 472 ΙΙΙ
826 440 871 472 83
885 438 928 483 K,
954 438 1005 473 III
1026 443 1042 473 1
1060 438 1102 484 G,
1129 440 1144 473 I
1169 452 1204 484 p.
1227 442 1294 474 533
1308 439 1381 485 ΒΥ.)
1412 461 1459 465 —
1490 440 1595 476 Arus.
1620 452 1656 486 p.
1681 443 1762 478 489.
1787 461 1834 469 -—

279 484 368 567 &lt
379 484 465 567 hist.
487 484 538 518 III
563 485 614 528 N,
638 486 679 520 in
703 486 897 521 secwndum
922 487 1054 522 librum
1074 492 1220 532 praeter
1245 487 1481 525 Debrossium
1505 489 1584 524 iwre
1611 489 1836 535 erampoeuit

321 543 352 567 ze
369 543 405 567 sc
431 560 437 567 .

398 614 474 660 27.
534 615 602 659 Ut
633 616 838 659 actione
870 617 1157 660 desisteret.

397 721 502 767 App.
553 721 600 766 (Π
619 724 664 756 34
677 721 720 766 D,
747 726 793 757 44
806 721 850 766 Κ,
879 725 922 757 79
937 721 979 766 G,
1006 723 1022 756 Ι
1045 735 1080 768 p.
1103 725 1170 757 337
1185 723 1258 768 ΒΥ.)
1283 745 1330 749 -
1355 723 1461 759 Arus.
1487 736 1523 770 p.
1543 728 1623 762 467.

399 797 566 837 Comm.
609 798 668 836 De
688 798 944 847 optimatium
964 799 1214 848 quorundam
1237 799 1444 838 conatibus
1470 802 1608 840 contra
1631 802 1838 842 tribunum

280 852 370 910 (qui
401 858 530 908 legem
555 857 733 906 aliquam
757 857 929 906 perferre
956 852 1108 911 studet)
1140 858 1257 897 factis
1289 859 1362 898 hoc
1393 860 1479 899 loco
1505 872 1589 900 esse
1621 873 1839 902 sermonem

281 918 396 955 acute
415 916 527 954 Kritz
546 916 753 954 intellexit.
803 916 946 966 Itaque
967 917 1156 966 quoniam
1182 931 1228 956 ex
1248 919 1418 958 secundo
1443 919 1544 959 libro
1568 920 1839 972 fragmentum

279 976 490 1014 laudatum
521 976 581 1013 est
606 977 646 1013 et
672 975 718 1013 de
745 974 789 1020 Q.
817 974 974 1025 Opimio
1007 988 1189 1026 annoque
1219 979 1270 1015 75
1305 978 1371 1029 agi
1395 978 1546 1030 nequit,
1582 979 1729 1030 quippe
1761 993 1840 1031 quo

281 1035 322 1073 C.
349 1034 468 1074 Cotta
499 1047 572 1072 sua
604 1036 744 1084 sponte
775 1034 865 1072 iura
897 1035 1094 1084 quaedam
1125 1035 1296 1074 tribunis
1322 1037 1537 1076 reddiderit
1560 1051 1688 1090 neque
1714 1039 1840 1078 deter-

280 1094 404 1132 ritum
436 1107 459 1132 a
491 1094 637 1132 conatu
670 1092 874 1143 Opimium
905 1106 988 1132 esse
1021 1094 1208 1147 sciamus,
1246 1095 1297 1134 ad
1326 1108 1388 1134 res
1419 1096 1523 1135 inter
1555 1097 1764 1138 Curionem
1796 1111 1842 1138 ac
1912 1093 1924 1104 ”

282 1153 475 1192 Sicinium
507 1154 616 1191 actas
648 1152 899 1191 referendum
930 1165 1012 1192 esse
1045 1154 1315 1205 fragmentum
1345 1155 1430 1194 veri
1461 1156 1588 1195 simile
1619 1158 1690 1196 est.

401 1255 510 1300 28³⁸.
572 1255 667 1298 Sed
696 1255 908 1298 Metello
935 1255 1198 1299 Cordubae
1223 1257 1479 1300 hiemante
1510 1273 1619 1301 cum
1648 1259 1843 1303 duabus

281 1326 581 1384 legionibus
606 1326 775 1368 alione
803 1341 919 1369 casu
945 1342 1023 1383 an,
1055 1327 1383 1383 sapientibus
1409 1332 1464 1371 ut
1487 1329 1677 1386 placet,
1701 1330 1843 1373 venti

282 1413 372 1453 per
412 1412 531 1440 cava
570 1400 739 1440 terrae
781 1397 944 1440 citatu
984 1399 1127 1453 rupti
1165 1399 1366 1454 aliquot
1403 1402 1602 1443 montes
1638 1401 1844 1445 tumuli-

283 1484 378 1525 que
411 1468 596 1511 sedere.

402 1574 507 1618 App.
559 1573 605 1618 (II
630 1577 675 1608 43
690 1573 739 1618 D,
767 1573 874 1617 5211,
903 1573 1007 1618 77G,
1038 1574 1055 1608 I
1079 1585 1114 1619 p.
1137 1578 1222 1619 524,
1254 1575 1288 1609 II
1312 1587 1347 1620 p.
1371 1579 1438 1611 130
1451 1576 1526 1621 ΒΥ.)
1556 1597 1602 1602 -
1633 1576 1770 1613 Adnot.
1796 1579 1845 1614 ad

283 1623 420 1657 Lucan.
435 1621 532 1656 1552
548 1622 655 1666 (deest
667 1622 709 1655 iw
725 1620 759 1656 G
771 1625 803 1656 et
824 1622 883 1666 V).
897 1641 944 1646 —
958 1621 1169 1657 Praeterea:
1187 1621 1317 1658 Isidor.
1337 1622 1428 1668 orig.
1442 1623 1528 1659 XIV
1543 1627 1574 1669 1,
1589 1628 1626 1660 2:
1643 1623 1760 1660 ‘venti
1775 1654 1782 1661 .
1795 1654 1802 1661 .
1817 1655 1823 1662 .
1838 1655 1844 1662 .

286 1669 439 1704 sedere.’
469 1689 515 1693 —
539 1668 592 1703 Id.
621 1668 666 1703 de
691 1670 827 1703 natura
852 1679 919 1703 rer.
948 1680 976 1703 e.
998 1672 1060 1704 46:
1087 1670 1218 1704 eadem.
1245 1691 1292 1695 —
1318 1670 1416 1706 Serv.
1445 1671 1493 1705 ad
1514 1670 1645 1717 Georg.
1665 1671 1700 1707 Π
1718 1675 1787 1707 479
1811 1678 1846 1709 et

286 1716 399 1751 schol.
420 1716 527 1750 Bern.
549 1715 598 1750 ad
624 1715 731 1750 eund.
756 1715 844 1751 loc.:
874 1715 991 1750 ‘venti
1013 1745 1019 1751 .
1037 1745 1042 1751 .
1061 1745 1066 1751 .
1085 1745 1090 1751 .
1113 1716 1258 1752 citatu.'
1280 1718 1292 1763 ΙΙ
1311 1717 1505 1754 Cordubae
1531 1717 1720 1754 hiemante
1746 1721 1845 1767 cum]

287 1763 459 1799 Corduba
473 1765 511 1798 et
524 1762 777 1808 gemanticum
793 1763 830 1806 Ο,
851 1763 1024 1798 Corduba
1038 1764 1076 1798 et
1089 1763 1332 1799 hiematicum
1346 1765 1400 1800 W.
1415 1787 1461 1791 —
1475 1765 1615 1813 alione]
1629 1765 1776 1802 alienae
1789 1767 1845 1804 W.

285 1833 331 1837 —
358 1810 476 1857 venti]
503 1810 660 1854 Servius,
684 1811 790 1846 schol.
817 1811 943 1855 Rern„
968 1811 1145 1855 Isidorus,
1170 1822 1265 1846 veno
1294 1812 1336 1856 0,
1362 1814 1474 1847 vento
1499 1813 1551 1849 W
1569 1814 1655 1849 adn.
1682 1814 1773 1850 Duc.
1799 1835 1846 1840 —

286 1858 422 1904 citatu]
448 1859 553 1894 schol.
574 1858 685 1893 Rern.
710 1858 740 1893 O
755 1859 840 1894 adn.
862 1858 965 1902 Luc„
990 1858 1026 1892 A
1041 1859 1125 1893 VH
1134 1858 1262 1903 Servii,
1287 1859 1405 1895 citato
1431 1860 1483 1896 W
1500 1861 1586 1896 adn.
1606 1861 1711 1906 Luc„
1736 1861 1845 1897 citati
1919 1879 1921 1881 v

287 1906 377 1941 PM
388 1906 514 1949 Servii,
539 1904 781 1950 praecipitati
805 1906 860 1941 vel
879 1904 987 1940 citati
1011 1907 1066 1940 vel
1084 1905 1263 1941 concitati
1282 1908 1382 1942 codd.
1397 1908 1537 1943 Isidori
1541 1921 1555 1952 ;
1579 1907 1702 1944 ventis
1719 1908 1845 1944 citatis
1890 1949 1891 1952 Ἰ

286 1955 377 1990 com'.
401 1953 515 1996 Corte,
539 1951 798 1998 praecipitatis
825 1964 869 1988 ece
887 1953 1040 1988 Arevali
1063 1955 1269 1989 coniectwra
1290 1954 1411 1998 Kritz,
1436 1954 1539 1990 venti
1559 1954 1668 1991 citati
1686 1956 1846 2000 Dietsch,

287 2000 391 2036 venti
417 2000 536 2035 citatu
561 2004 651 2035 reete
676 2001 751 2035 iam
777 2000 919 2046 Hayen.

407 2076 573 2115 Comm.
623 2076 767 2114 Terrae
793 2077 948 2115 motum
973 2076 1015 2114 in
1039 2076 1160 2115 Italia
1186 2090 1288 2116 anno
1317 2079 1370 2117 76
1403 2077 1526 2116 fuisse
1552 2079 1724 2130 constat3
1755 2091 1847 2118 cum

287 2149 380 2175 vero
414 2135 561 2174 maiore
598 2135 812 2186 fragmenti
843 2137 956 2184 parte
988 2136 1037 2174 ab
1069 2136 1242 2174 Usenero
1275 2137 1466 2188 evulgata
1502 2137 1658 2176 eluceat
1686 2137 1847 2177 Metello

289 2196 330 2234 in
361 2194 550 2233 ulteriore
581 2194 785 2244 provincia
821 2194 1014 2233 hiemanti
1052 2196 1132 2233 tale
1171 2195 1268 2245 quid
1305 2195 1510 2247 accidisse,
1547 2196 1751 2246 probabile
1788 2198 1849 2236 est

288 2255 394 2293 hunc
418 2254 540 2292 fuisse
567 2254 735 2292 eundem
760 2255 889 2292 terrae
909 2255 1074 2305 motum,
1099 2255 1331 2304 factumque
1357 2267 1440 2293 esse
1467 2255 1540 2294 sub
1565 2254 1685 2294 finem
1707 2255 1848 2294 hiemis

290 2313 385 2352 anni
419 2309 556 2363 77s76,
578 2325 670 2362 -qua
700 2313 908 2351 Metellum
938 2313 980 2351 in
1012 2325 1084 2352 sua
1114 2314 1305 2353 mansisse
1336 2314 1541 2364 provincia
1572 2314 1728 2354 seimus.

411 2414 520 2459 29³².
588 2414 709 2465 Quis
747 2429 771 2456 a
808 2413 1038 2458 Sertorio
1082 2415 1322 2470 triplices
1362 2415 1582 2471 insidiae
1619 2431 1710 2472 per
1745 2406 1848 2459 ido—

291 2502 411 2530 neos
443 2485 606 2528 saltus
637 2485 838 2540 positae
871 2489 1031 2528 erant:
1063 2486 1243 2543 prima,
1275 2501 1400 2542 quae
1431 2487 1566 2529 forte
1590 2486 1849 2530 venientis

292 2557 565 2613 exciperet.
847 2558 849 2561 ’
1371 2551 1373 2553 ’

410 2663 515 2708 App.
566 2661 613 2707 (Π
634 2664 676 2696 15
690 2660 740 2706 D,
768 2660 875 2704 2215,
904 2664 946 2695 74
962 2660 1003 2705 G,
1030 2661 1045 2695 I
1070 2673 1104 2706 p.
1127 2665 1194 2696 572
1207 2662 1282 2708 ΒΥ.)
1307 2682 1354 2687 -
1380 2661 1478 2697 Serv.
1505 2662 1554 2696 ad
1579 2661 1712 2708 Georg.
1732 2662 1767 2697 H
1786 2665 1848 2698 98:

294 2710 511 2746 Sallustius:
541 2708 637 2754 ‘quis
660 2738 666 2743 .
683 2737 689 2744 .
706 2737 713 2743 .
730 2737 736 2744 .
757 2707 891 2753 prima’
914 2709 952 2742 et
972 2707 1271 2744 subaudiendum
1295 2708 1448 2753 reliquit
1466 2707 1646 2745 ‘insidia'.
1660 2730 1708 2735 —-
1726 2709 1779 2745 Id.
1799 2709 1849 2744 ad

294 2759 383 2793 Aen.
405 2758 455 2792 XI
475 2761 560 2793 896:
590 2755 724 2801 ‘prima
746 2785 751 2791 .
770 2784 775 2790 .
793 2784 819 2790 ..
842 2754 1042 2799 exciperet'
1068 2768 1151 2790 cum
1178 2757 1222 2792 de
1242 2756 1389 2791 insidiis
1409 2756 1632 2801 loqueretur.
1646 2778 1694 2782 —
1707 2756 1847 2792 Charis.

294 2818 327 2850 p.
351 2809 411 2841 96:
439 2805 504 2840 sed
530 2803 729 2839 Sallustius
756 2803 801 2838 de
827 2801 974 2836 insidiis
1003 2803 1151 2847 ‘prima'
1179 2804 1311 2848 inquit.
1338 2805 1350 2849 ΙΙ
1373 2803 1494 2848 prima
1519 2805 1630 2850 quae]
1655 2803 1848 2849 primaque
1897 2845 1901 2848 ⁵

295 2853 407 2888 ASR
416 2853 525 2895 HM,
550 2851 743 2896 primoque
764 2850 811 2893 F,
835 2861 924 2885 corr.
951 2849 1065 2894 Thilo,
1090 2850 1211 2895 prima
1236 2850 1300 2895 qui
1432 2850 1644 2896 exciperent
1667 2851 1783 2898 vulyo.
1803 2872 1850 2876 —

295 2901 405 2946 forte]
431 2899 534 2935 fonte
560 2899 655 2934 forte
677 2898 723 2942 F,
748 2898 869 2933 fronte
894 2897 983 2933 coni.
1005 2897 1221 2943 Mascivius,
1245 2898 1340 2934 forte
1365 2898 1433 2946 <in
1458 2897 1617 2945 manus>
1642 2898 1800 2935 Dietsch.
1826 2941 1830 2944 ,
