1916 3178
850 173 1130 213 -g-

227 283 393 323 servata
425 282 533 322 sunt.
596 278 678 321 Sed
708 278 813 319 haec
837 292 950 319 nunc
975 277 1145 332 quidem
1171 277 1356 331 mittam3
1389 276 1483 318 illas
1509 275 1779 332 quaestiones

229 351 313 393 iam
347 350 556 404 tractabo,
589 351 636 390 ut
667 347 786 403 quasi
819 347 1094 390 fundamenta
1124 347 1292 389 futurae
1323 346 1474 389 iaciam
1505 347 1714 391 editionis.

344 420 408 462 Ac
450 419 635 475 primum
678 418 848 474 quidem
898 418 1184 473 quaerendum
1228 420 1309 473 est,
1359 433 1564 473 quasnam
1607 419 1779 462 omnino

228 507 296 533 res
328 489 518 533 Sallustii
555 489 759 531 historiae
799 488 1097 531 continuerint.
1165 487 1247 530 Sed
1284 489 1363 530 hac
1401 488 1450 530 de
1488 503 1534 531 re
1570 489 1655 532 iam
1691 489 1781 547 egit

228 562 366 616 Kritz,
403 561 475 616 qui
514 558 861 616 demonstravit²)
898 559 1068 601 initium
1099 559 1320 601 enarrandi
1352 559 1502 601 fecisse
1531 558 1782 603 Sallustium

230 633 283 673 ab
315 646 425 673 anno
452 629 567 688 78²),
604 645 699 672 cum
731 633 873 672 autem
910 630 998 672 ‘bis
1030 644 1154 671 senos
1184 645 1260 684 per
1291 629 1446 671 annos’
1477 645 1544 672 res
1569 630 1782 675 Romanas

230 718 326 744 eum
357 705 561 744 tractasse
593 699 835 757 sciamus-³),
872 700 1111 756 porrexisse
1142 700 1345 743 historias
1376 715 1510 756 usque
1541 701 1595 743 ad
1625 713 1782 745 annum

230 788 264 814 a.
304 772 398 814 Chr.
436 787 475 814 n.
509 773 575 815 66.
642 771 784 826 Atque
826 771 937 813 idem
978 786 1001 813 e
1040 771 1294 827 fragmentis
1332 772 1496 814 elucere
1539 771 1785 815 iamdudum

230 846 407 886 constat.
448 869 500 873 —
540 842 630 884 Iam
660 842 877 884 videamus
915 857 1022 897 quae
1054 841 1243 884 subsidia
1279 842 1404 884 nobis
1441 843 1536 885 usui
1568 858 1660 886 esse
1689 859 1784 900 pos—

231 914 333 956 sint!
387 913 530 968 Atque
561 927 628 954 res
660 912 879 954 duodecim
911 912 997 954 illis
1029 912 1150 954 annis
1182 915 1324 969 gestas
1355 914 1578 969 plerasque
1609 914 1694 957 iam
1725 915 1786 957 ita

231 983 545 1026 constituerunt
564 983 708 1039 magni
728 997 869 1025 rerum
890 983 1117 1039 scriptores
1135 984 1271 1026 nostri
1285 984 1517 1040 Drumanm
1535 985 1786 1042 Mommsen,

232 1055 475 1111 Neumann,
522 1057 570 1096 ut
611 1053 837 1095 historicas
881 1053 976 1094 illas
1019 1054 1290 1109 quaestiones
1332 1069 1427 1097 raro
1470 1058 1639 1098 tantum
1679 1058 1786 1099 trac—

201 1163 204 1166 .
233 1129 323 1168 tare
354 1140 433 1167 nos
465 1127 668 1180 oporteat.
731 1122 794 1165 De
827 1139 1034 1166 annorum
1068 1126 1249 1167 78—71
1290 1125 1417 1167 rebus
1447 1126 1666 1181 praeterea
1697 1126 1787 1183 egit

233 1194 534 1252 Schlimmer.⁴¹)
567 1221 619 1226 -
652 1195 815 1237 Deinde
853 1195 903 1237 de
941 1195 1195 1250 scriptorum
1233 1196 1424 1238 fontibus
1459 1196 1673 1252 permulta
1702 1196 1787 1239 iam

233 1268 555 1323 disputaverunt
603 1265 683 1307 viri
727 1266 856 1321 docti3
906 1281 1034 1321 quare
1077 1267 1324 1322 priusquam
1368 1267 1538 1324 singula
1579 1282 1787 1324 curemus,

234 1337 656 1392 circumspiciendum
688 1337 785 1391 erit,
817 1351 924 1391 quae
957 1337 1007 1378 de
1039 1337 1317 1392 scriptoribus
1348 1338 1421 1393 qui
1453 1338 1503 1380 de
1535 1338 1657 1381 annis
1687 1339 1787 1382 duo-

235 1408 369 1450 decim
406 1407 634 1449 memoriae
672 1407 888 1462 quidpiam
926 1407 1208 1463 tradiderunt,
1249 1409 1484 1451 sententiae
1521 1409 1659 1452 adhuc
1693 1424 1787 1466 pro-

234 1479 345 1520 latae
376 1481 503 1533 atque
535 1493 642 1533 quae
674 1478 1011 1533 comprobandae
1044 1478 1141 1520 sint.
1785 1480 1787 1482 ’

352 1549 415 1591 Α6
453 1549 503 1590 de
535 1548 754 1603 Appiani
793 1548 963 1603 quidem
1001 1549 1211 1604 fontibus,
1242 1553 1469 1605 postquam
1506 1550 1578 1593 diu
1614 1551 1788 1593 frustra-

235 1635 317 1676 que
349 1636 373 1661 a
403 1620 506 1661 viris
538 1619 673 1662 doctis
705 1619 968 1674 disputatum
1000 1617 1125 1676 est⁵)‚
1165 1620 1407 1676 nuperrime
1438 1621 1482 1662 id
1511 1621 1626 1676 quod
1657 1636 1788 1664 unum

358 1785 389 1827 1)
414 1782 559 1826 Proleg.
584 1793 620 1827 p.
643 1785 696 1817 18.
950 1756 982 1787 .

354 1843 389 1885 2)
416 1839 468 1876 of.
495 1840 538 1877 fr.
564 1840 580 1874 Ι
603 1845 633 1876 1.
653 1840 685 1875 D
719 1841 812 1875 ‘Res
847 1840 977 1886 populi
1007 1841 1167 1876 Romani
1192 1842 1240 1878 M.
1260 1842 1402 1888 Lepido
1435 1843 1475 1886 Q.
1497 1843 1630 1880 Catulo
1655 1855 1789 1883 consu-

239 1900 379 1936 sulibus
405 1911 448 1934 ac
473 1899 608 1934 deinde
633 1898 792 1935 militiae
819 1901 857 1934 et
882 1899 984 1935 domi
1009 1901 1134 1946 gestas
1160 1902 1377 1946 composui.'

355 1960 391 2003 3)
417 1959 471 1994 Cf.
497 1958 635 1995 Auson.
661 1958 685 1993 1.
706 1959 728 1995 1.
756 1958 890 1994 Utrum
915 1970 1001 1995 vero
1031 1958 1212 1995 historiae
1239 1971 1261 1995 a
1287 1960 1464 1997 Sallustio
1495 1962 1688 2000 confectae
1715 1964 1790 2000 sint

238 2031 286 2054 an
311 2017 565 2053 narrationem
596 2017 711 2053 etiam
741 2017 891 2063 longius
923 2019 1119 2054 contexere
1153 2018 1262 2055 initio
1296 2019 1337 2054 in
1361 2020 1484 2057 animo
1509 2020 1575 2056 ille
1599 2021 1786 2068 habuerit,

239 2078 337 2113 infra
362 2076 601 2121 disquiretur.

356 2137 393 2181 4)
419 2134 636 2181 „Historiae
661 2146 783 2170 rerum
807 2137 999 2180 gestarum
1018 2147 1111 2181 quas
1135 2136 1175 2171 in
1195 2136 1399 2182 deperditis
1417 2137 1658 2175 historiarum
1681 2139 1788 2176 libris

239 2194 418 2240 explicuit
442 2194 681 2239 Sallustius“‚
717 2193 935 2231 dissertatio
971 2194 1145 2240 (Traiect.
1174 2196 1279 2241 1860)
1310 2207 1385 2231 11011
1410 2195 1489 2233 sine
1515 2197 1661 2244 labore,
1694 2197 1790 2235 mira

239 2266 323 2290 cum
347 2253 569 2298 stupiditate
594 2253 813 2298 composita.

357 2314 392 2358 5)
418 2312 532 2347 Velut
555 2312 819 2357 Μιθριδατικὰ
850 2324 870 2348 6
894 2312 999 2348 Livio
1026 2314 1200 2358 excerpta
1231 2324 1312 2349 esse
1343 2314 1614 2352 contenderunt
1636 2316 1789 2362 Jordan,

241 2372 320 2418 „de
345 2370 513 2407 fontibus
539 2371 703 2417 Appiani
728 2370 767 2406 in
793 2371 902 2407 bellis
927 2371 1194 2407 Mithridaticis
1221 2372 1468 2408 enarrandis“
1494 2373 1595 2420 (diss.
1622 2374 1789 2421 Gotting.

243 2433 347 2476 1872)
368 2431 407 2466 et
424 2429 553 2475 Lauer,
580 2430 655 2475 „de
675 2429 919 2476 scriptoribus
938 2430 1031 2466 belli
1050 2430 1299 2466 Mithridatici
1318 2431 1451 2467 tertii“
1471 2433 1785 2479 (prongetzlar.

243 2491 364 2535 1871);
398 2488 497 2524 idem
523 2489 570 2524 de
596 2485 783 2535 ἐμφυλίων
809 2489 905 2525 libro
935 2489 1056 2535 primo
1087 2489 1339 2526 affirmaverat
1363 2491 1491 2536 Klebs‚
1529 2491 1606 2536 „de
1631 2491 1787 2539 scripto-

240 2548 341 2583 ribus
361 2546 496 2583 aetatis
517 2547 724 2583 Sullanae“
745 2546 847 2593 (diss.
867 2547 1028 2584 Berolin.
1045 2550 1149 2593 1876)
1175 2549 1213 2583 et
1231 2548 1391 2594 Kuyper‚
1417 2549 1492 2594 „de
1514 2548 1681 2586 fontibus
1700 2550 1789 2587 Plu-

241 2606 362 2642 tarchi
387 2607 425 2641 et
448 2605 614 2652 Appiani
637 2605 678 2640 in
701 2604 781 2640 vita
801 2605 962 2641 Sullae.“
1010 2607 1090 2641 lam
1114 2607 1228 2643 antea
1251 2606 1453 2643 Posidonio
1483 2619 1558 2643 una
1582 2619 1667 2644 cum
1683 2609 1791 2646 Livio

241 2664 465 2700 attribuerat
488 2665 586 2700 hunc
609 2663 746 2700 librum
765 2664 927 2710 Wijnne‚
954 2664 1024 2709 „de
1050 2665 1121 2700 fide
1147 2667 1186 2700 et
1211 2667 1435 2702 auctoritate
1453 2665 1641 2712 Appiani“
1665 2670 1789 2716 (1855)

242 2737 277 2769 p.
307 2728 360 2759 10.
409 2723 596 2759 Adversus
632 2723 700 2759 hos
732 2722 858 2768 priora
894 2723 995 2758 bella
1028 2723 1288 2759 Mithridatica
1325 2735 1346 2759 e
1380 2724 1599 2771 Posidonio,
1638 2727 1791 2764 tertium

242 2793 262 2818 e
281 2782 506 2828 Theophane
530 2781 776 2828 Mytilenaeo,
801 2777 987 2816 bellorum
1012 2781 1180 2817 civilium
1207 2783 1332 2818 autem
1356 2782 1492 2818 librum
1510 2784 1527 2818 I
1551 2795 1572 2820 6
1590 2785 1797 2823 Posidonio·

243 2840 303 2876 vel
339 2840 519 2876 Strabone
550 2839 696 2876 fluxisse
729 2841 938 2886 sumpserat
962 2840 1105 2875 Amold
1129 2841 1167 2876 in
1192 2851 1275 2877 ann.
1301 2841 1392 2887 phil.
1418 2842 1540 2888 suppl.
1559 2843 1790 2891 XIII-(1884)

243 2911 280 2944 p.
308 2903 352 2934 79
361 2910 424 2943 sq..
479 2899 521 2933 In
553 2898 707 2944 reliquis
737 2899 919 2935 bellorum
950 2898 1116 2934 civilium
1146 2898 1252 2934 libris
1285 2900 1466 2936 Graecum
1496 2903 1685 2938 auctorem
1717 2904 1790 2940 sta-
