2034 3184
329 155 410 197 196

323 267 511 318 ceperunt
533 266 571 305 et
592 277 680 305 una
706 265 822 306 modo
846 268 1066 318 supererat,

322 335 427 388 <ut>
458 333 609 388 populi
641 333 803 376 iussum
829 335 1066 392 conficeret,

322 405 481 446 remisit
532 405 855 448 intercessionem
883 418 887 423 ·
913 407 1066 450 Trebel-

323 475 429 517 lius?
486 473 682 532 (Ascon.
714 476 773 518 ad
803 475 898 519 Cic.
925 477 1063 520 Corn.

323 561 362 600 p.
391 547 441 588 71
462 544 550 603 Or.)

376 615 581 660 Ῥωσκίου
636 616 684 660 δὲ
738 621 1066 674 προσελθόντος

323 685 469 738 οὐδεὶς
486 688 686 742 ἤκουσεν.
730 689 753 732 ὁ
775 687 824 732 δὲ
849 699 959 741 τοῖς
978 691 1065 733 δα-

320 759 532 809 κτύλοις
557 760 863 816 διεσήμαινε
888 762 951 817 μὴ
977 763 1064 817 μό-

321 845 416 871 νον
446 829 574 873 ἀλλὰ
611 832 861 888 δεύτερον
898 833 1064 886 αἱρεῖ-

322 905 446 943 σθαι
471 903 760 957 Πομπήιον.
807 901 899 945 Ἐπὶ
925 904 1066 961 τούτῳ

321 970 492 1026 λέγεται
513 973 841 1029 δυσχεράναντα
863 975 953 1016 τὸν
979 975 1065 1029 δῆ-

321 1058 417 1097 μον
470 1047 785 1098 τηλικοῦτον
843 1044 1066 1101 ἀνακρα-

321 1122 455 1169 γεῖν,
487 1115 614 1157 ὥστε
640 1115 1065 1172 ὑπερπετόμενον

320 1187 514 1241 κόρακα
551 1191 640 1240 τῆς
677 1185 868 1243 ἀγορᾶς
898 1203 1065 1242 τυφω-

321 1260 481 1311 θῆναι
520 1254 604 1298 καὶ
642 1266 954 1300 καταπεσεῖν
993 1259 1067 1309 εἰς

320 1329 418 1370 τὸν
460 1329 638 1383 ὄχλον.
706 1327 855 1385 (Plut.
899 1328 1065 1384 Pomp.

808 154 962 190 Sallusti
987 153 1235 192 Historiarum
1260 155 1325 193 lib.
1346 156 1389 192 V.

1137 273 1261 321 χεῖν.
1323 266 1636 321 Μελλούσης
1671 262 1764 309 οὖν
1793 266 1876 310 καὶ

1136 342 1231 392 τῆς
1285 337 1765 392 ὀκτωκαιδεκαέτης
1817 337 1878 380 τὰ

1137 407 1274 449 αὐτὰ
1325 411 1662 462 ψηφιεῖσθαι,
1717 409 1880 464 μόλις

1136 475 1257 520 ποτὲ
1300 478 1323 521 ὁ
1373 477 1684 534 Τρεβέλλιος
1733 477 1879 522 &dada-¹

1137 561 1310 603 πησεν.
1355 548 1467 605 <Dio
1495 563 1528 591 c.
1554 550 1624 606 30,
1651 551 1687 592 1.
1707 548 1766 608 2.)

1197 617 1323 662 Ἰδὼν
1366 617 1415 662 δὲ
1457 626 1586 663 τοῦτο
1630 620 1654 664 ὁ
1680 619 1880 672 Ῥώσκιος

1137 688 1418 745 φθέγξασθαι
1461 689 1542 746 μὲν
1584 682 1718 735 οὐδὲν
1760 690 1879 735 ἐτόλ-

1136 771 1259 815 μησε,
1290 762 1381 816 τὴν
1413 759 1468 804 δὲ
1497 770 1644 820 χεῖρα
1675 762 1880 806 ἀνατεί-

1136 847 1240 874 νων
1289 833 1382 875 δύο
1428 834 1625 890 ἄνδρας
1673 833 1880 878 ἐκέλευε

1139 908 1271 958 σφᾶς
1296 901 1522 947 ἑλέσθαι.
1545 939 1552 947 ,
1573 939 1581 947 .
1602 938 1611 947 .
1643 903 1772 948 Ταῦτ’
1797 901 1880 949 οὖν

1138 973 1275 1016 αὐτοῦ
1311 981 1676 1031 χειρονομοῦντος
1711 975 1735 1019 ὁ
1767 975 1879 1032 ὅμι-

1137 1048 1225 1095 λος
1262 1044 1388 1100 μέγα
1424 1045 1511 1088 καὶ
1542 1045 1880 1102 ἀπειλητικὸν

1137 1115 1442 1172 ἀνέκραγεν,
1502 1117 1629 1160 ὥστε
1685 1118 1879 1174 κόρακα

1137 1202 1254 1229 τινα
1284 1187 1705 1244 ὑπερπετόμενον
1735 1196 1880 1244 σφῶν

1139 1257 1483 1314 ἐκπλαγῆναι
1530 1257 1621 1302 καὶ
1668 1267 1879 1303 πεσεῖν

1139 1330 1317 1385 ὥσπερ
1371 1328 1734 1391 ἐμβρόντητον.
1795 1328 1879 1388 (Id.

1872 0 2034 124 Ἧι

322 1412 354 1439 c.
381 1396 469 1455 25.)
1103 1450 1108 1455 ,
1139 1399 1278 1457 ibid.)

441 1468 552 1519 Quin
584 1469 630 1520 Q.
661 1469 819 1526 Catuli,
840 1471 936 1513 .viri
974 1471 1164 1513 omnium
1201 1462 1304 1513 tunc
1335 1484 1499 1513 summo
1531 1471 1692 1514 honore
1727 1471 1881 1527 habiti,

246 1541 300 1582 23
323 1540 397 1594 qui
434 1541 595 1596 populo
634 1541 920 1583 contradicere
957 1557 1044 1584 non
1074 1541 1235 1583 veritus
1273 1544 1337 1583 est
1367 1539 1443 1599 (fr.
1460 1539 1564 1598 23),
1601 1541 1771 1584 irritum
1814 1546 1879 1586 est

322 1610 482 1652 factum
509 1611 717 1668 studium3
748 1612 981 1654 Κατούλου
1012 1611 1064 1654 δέ
1085 1628 1205 1663 τινος
1235 1620 1324 1655 τῶν
1349 1612 1539 1668 ἀρίστων
1561 1612 1738 1670 ἀνδρῶν
1763 1614 1878 1670 εἰρη-

244 1683 301 1724 24
320 1683 447 1732 κότος
479 1682 589 1725 εε’ὀεν
622 1682 704 1726 ε’πὶ
734 1689 892 1725 ταῦτα
924 1682 1243 1739 ἐκπεμφθεὶς
1274 1687 1443 1740 σφαλῇ
1481 1682 1556 1741 (fr.
1589 1682 1684 1742 24),
1721 1678 1792 1728 οἷα
1818 1685 1878 1728 (ἐν

320 1753 539 1804 τοιούτοις
588 1758 711 1809 φιλεῖ
751 1753 983 1809 γενέσθαι,
1032 1757 1132 1797 τίνα
1174 1756 1310 1798 ἄλλον
1353 1753 1446 1797 ἀντ’
1495 1754 1632 1797 αὐτοῦ
1673 1757 1784 1812 πρὸς
1825 1757 1878 1799 τὰ

321 1823 638 1881 ἀναγκαιότερα
675 1825 918 1881 εὑρήσετε;’
957 1825 980 1868 ὁ
1013 1825 1165 1880 ὅμιλος
1195 1826 1366 1880 σύμπας
1404 1826 1548 1882 ὥσπερ
1584 1825 1668 1869 ἀπὸ
1706 1837 1876 1882 συγκει-

320 1894 457 1949 μένου
506 1895 747 1951 ἀνεβόησεν
793 1897 928 1938 εἰπὼν
972 1895 1057 1938 ‘68¹'
1101 1895 1234 1953 (Exc.
1273 1911 1295 1938 e
1331 1896 1473 1938 Dion.
1505 1911 1538 1938 c.
1568 1895 1657 1954 37).
1726 1895 1876 1953 Itaque

319 1964 551 2021 Pompeius
588 1982 744 2022 magno
783 1982 879 2009 cum
901 1967 1106 2024 ‚exercitu
1142 1967 1315 2009 navium
1357 1967 1628 2023 militumque
1671 1971 1715 2010 et
1757 1967 1876 2024 quin-

321 2036 457 2079 decim
489 2052 584 2079 cum
616 2037 770 2094 legatis
802 2038 854 2079 ad
886 2038 1047 2080 bellum
1073 2038 1290 2093 profectus
1316 2036 1430 2095 (Dio
1456 2053 1489 2081 c.
1515 2039 1584 2095 37,
1612 2036 1657 2097 1)
1688 2038 1876 2094 primum

322 2107 605 2164 quadraginta
648 2110 799 2152 diebus
842 2109 948 2151 mari
986 2109 1207 2164 Tyrrheno
1250 2109 1460 2164 terrisque
1503 2109 1542 2151 ei
1585 2109 1878 2154 adiacentibus

320 2179 556 2233 praedones
604 2181 852 2238 profligavit
901 2183 1029 2236 atque
1080 2180 1264 2236 expulit,
1314 2180 1412 2222 dein
1457 2180 1643 2237 Romam*
1685 2195 1884 2230 reversus

155 2251 224 2306 25,
244 2252 300 2294 26
320 2264 486 2292 summo
525 2252 676 2306 populi
703 2252 859 2308 gaudio
892 2254 1097 2306 exceptus
1129 2254 1193 2294 est
1225 2250 1300 2309 (fr.
1328 2252 1397 2308 25,
1423 2249 1516 2309 26),
1554 2254 1646 2293 tum
1678 2251 1876 2294 Graeciae
1925 2313 1928 2316 Δ

320 2319 534 2376 Asiaeque
566 2323 699 2364 maria
730 2339 754 2364 a
785 2323 937 2378 piratis
967 2323 1185 2379 liberavit,
1224 2337 1404 2378 quorum
1434 2322 1639 2377 reliquias
1669 2322 1722 2364 ad
1754 2315 1935 2366 Cora-*²*

320 2392 491 2448 cesium,
511 2392 683 2436 Ciliciae
703 2388 1061 2450 promunturium,
1081 2409 1228 2450 pugna
1246 2394 1386 2436 navali
1408 2393 1530 2435 fudit.
1567 2393 1626 2435 Et
1645 2393 1875 2450 plerosque

320 2477 466 2505 eorum
498 2463 543 2505 in
574 2464 833 2506 deditionem
865 2467 1063 2520 acceptos
1093 2465 1139 2507 in
1170 2465 1298 2507 urbes
1329 2467 1548 2520 terrasque
1582 2464 1694 2507 forte
1724 2480 1877 2508 vacuas

321 2534 496 2577 deduxit
528 2533 643 2592 (Dio
675 2550 707 2577 c.
735 2537 803 2591 37,
824 2534 971 2593 3—6).

394 2598 398 2603 ¹
436 2606 599 2648 Eodem
636 2621 747 2649 anno
788 2606 830 2649 O.
862 2607 961 2649 Piso
1007 2607 1155 2650 consul
1195 2607 1370 2650 iubente
1414 2609 1565 2650 senatu
1599 2606 1739 2664 legem
1775 2607 1877 2650 tulit

321 2675 594 2732 Calpurniam
633 2678 684 2719 de
721 2677 887 2719 ambitu
921 2678 1190 2734 ‘graviorem‚
1228 2693 1355 2734 quam
1390 2677 1529 2720 fuerat
1559 2680 1684 2719 antea
1708 2711 1717 2720 .
1739 2712 1747 2720 .
1767 2712 1777 2720 .
1797 2712 1806 2721 .
1832 2678 1877 2720 in

321 2762 404 2802 qua
435 2751 605 2803 praeter
636 2748 741 2791 alias
766 2763 926 2804 poenas
952 2749 1196 2803 pecuniaria
1223 2764 1392 2804 quoque
1418 2763 1557 2804 poena
1581 2750 1671 2790 erat
1696 2748 1875 2791 adiecta’

320 2816 517 2875 (Ascon.
543 2819 602 2861 ad
623 2819 815 2862 Cornel.
842 2835 883 2875 p.
905 2821 960 2863 75
986 2823 1029 2861 et
1054 2836 1094 2875 p.
1117 2822 1171 2862 68
1186 2819 1255 2862 Or.
1277 2845 1332 2850 —
1352 2819 1446 2862 Dio
1472 2835 1506 2862 c.
1527 2818 1614 2877 38).
1662 2818 1726 2862 Ac
1750 2819 1878 2862 simul

321 2888 363 2931 C.
385 2888 616 2947 Cornelius,
642 2891 842 2933 tribunus
860 2890 1014 2947 plebis,
1039 2890 1179 2947 legem
1198 2891 1311 2947 tulit,
1338 2891 1406 2932 ‘ne
1432 2890 1505 2946 qui
1531 2889 1613 2932 nisi
1638 2905 1716 2945 per
1741 2898 1876 2946 po'pu-
1945 2907 1949 2912 ·
