1976 3190
487 155 716 202 Fragmenta
741 158 892 192 14—18.
919 176 964 182 —-
989 156 1190 192 Enarratio
1217 161 1366 194 19—23.
1682 158 1709 201 9

139 383 142 385 .
168 362 187 377 ,,
781 326 990 375 CAPUT
1025 327 1082 375 ΙΙ.

225 417 371 467 mlo
397 418 589 476 sociali,
622 418 688 464 fr.
717 417 919 464 19—23.
970 419 1041 464 De
1071 420 1201 465 beno
1227 421 1384 478 civili,
1417 423 1483 467 fr.
1510 423 1631 467 34-
1636 423 1712 469 53.

116 482 123 511 t
706 528 709 530 ’
782 522 1032 559 Enarratio.
1035 514 1080 574 ³⁸)

261 594 350 643 Bes
376 598 732 656 condicionesque
758 599 971 643 sociorum
997 602 1126 656 atque
1146 600 1265 657 leges
1291 601 1342 644 de
1368 602 1540 645 civitate
1567 619 1714 646 eorum

73 663 108 736 ιῖ
130 668 249 744 W
285 685 312 713 a
349 669 552 715 Gracchis
595 686 731 728 usque
775 671 828 714 ad
865 670 1145 715 Saturninum
1187 672 1316 728 latae,
1360 674 1540 717 fortasse
1585 675 1714 718 etiam

60 770 109 794 s
98 740 380 813 fflores
417 745 690 787 enumeratae
728 758 819 786 esse
854 743 1055 787 videntur
1087 742 1285 803 <fr.19);
1324 744 1422 787 dein
1459 761 1608 788 causae
1646 762 1713 789 ex·
1738 747 1790 788 19

57 822 115 865 z*
131 803 190 871 ΓΑ,
218 813 313 883 stae
350 816 469 872 sunt,
513 814 672 872 quibus
709 814 841 858 animi
880 830 1028 858 eorum
1066 815 1205 874 magis
1242 816 1466 874 magisque
1503 832 1528 859 a
1565 821 1715 860 senatu

0 910 2 915 ·
59 876 135 944 '
159 894 162 895 ⁷
188 872 207 888 μ
244 885 580 944 7’311311311111113’111
599 886 696 943 quis
715 890 814 930 ante
834 887 979 930 omnia
997 888 1067 930 lex
1087 887 1171 930 fuit
1189 888 1357 931 Licinia
1374 888 1517 931 Mucia
1536 888 1610 947 (fr.
1626 888 1715 947 20).
1735 890 1792 932 20

126 1000 139 1002 ⁷.
311 957 370 1001 M.
388 957 502 1001 Livii
526 957 659 1002 Drusi
684 958 875 1015 consilia,
899 974 968 1002 res
993 962 1150 1039 gestas,
1176 963 1359 1003 mortem
1386 964 1716 1003 commemorata

2 1019 3 1023 Ἰ
90 1040 240 1090 φξβ
273 1032 609 1074 consentaneum
647 1033 723 1074 est.
784 1031 1009 1074 Postremo
1048 1031 1260 1075 sociorum
1294 1032 1496 1088 Latiique
1535 1033 1715 1076 defectio

62 1091 222 1167 :sy-,fisa
245 1103 316 1159 21,
333 1096 462 1160 22),
450 1117 595 1158 ipsum
621 1102 785 1146 bellum
810 1106 899 1146 tres
924 1118 1002 1159 per
1027 1119 1161 1164 annos
1187 1106 1370 1162 gestum⁷
1396 1104 1546 1147 civitas
1566 1103 1715 1147 Italiae
1736 1105 1805 1159 21,
1824 1106 1880 1147 22

142 1168 351 1239 gentibus
393 1173 606 1231 paulatim
643 1189 845 1218 concessa
889 1176 1124 1219 enarranda
1167 1179 1302 1219 erant.
1368 1176 1528 1223 Misera
1566 1175 1716 1218 Italiae

58 1251 90 1302 ;·;·.
142 1241 337 1288 condicio
367 1242 451 1289 hoc
481 1245 598 1290 bello
630 1247 782 1290 effecta
814 1247 1056 1291 ostenditur
1086 1248 1142 1290 fr.
1169 1250 1238 1292 23.
1736 1249 1792 1291 23

262 1315 449 1361 ‘Eodem
495 1320 690 1375 tempore
733 1318 914 1377 (Exup.
953 1335 995 1376 p.
1028 1321 1054 1362 2
1094 1320 1156 1363 3(1.
1194 1317 1400 1377 Bursian)
1443 1319 1717 1363 Mithridates

50 1374 86 1431 ‘ff
143 1402 243 1433 cum
277 1389 448 1448 magnis
488 1390 626 1447 copiis
662 1390 907 1434 universam
942 1391 1092 1435 Asiam
1135 1393 1350 1448 urbesque
1396 1392 1608 1435 sociorum
1648 1407 1716 1434 ex-

58 1454 66 1458 ⁹
99 1465 102 1467 ’
142 1456 379 1520 pugnando
403 1464 533 1519 atque
558 1463 766 1507 vastando
793 1463 938 1519 coepit
963 1463 1173 1522 affligere3
1205 1464 1258 1506 ad
1285 1479 1412 1520 quem
1437 1463 1716 1506 coercendum

142 1532 191 1576 L.
216 1531 337 1578 Sulla
371 1535 439 1577 est
475 1549 574 1577 cum
605 1535 797 1578 exercitu
829 1535 1089 1592 destinatus,
1127 1535 1248 1578 cuius
1286 1535 1331 1578 in
1361 1535 1565 1578 Africano
1600 1534 1715 1577 bello

145 1604 332 1662 probata
362 1606 455 1648 erat
485 1605 679 1662 corporis
710 1608 843 1663 atque
875 1606 1007 1650 animi
1039 1606 1304 1664 magnit-udo.

209 1674 374 1721 Schol.
423 1675 634 1724 Gronov.
689 1678 749 1720 ad
798 1678 893 1721 Cic.
1027 1678 1272 1735 ....Itaque
1288 1679 1487 1722 instinctu
1505 1679 1592 1722 eius
1607 1676 1714 1736 (scil.

145 1747 293 1793 catil.
310 1746 375 1793 m
392 1750 452 1793 24
469 1747 532 1808 (p.
551 1749 640 1793 410
654 1748 762 1807 Or.):
784 1749 893 1794 ‘Sul-
966 1749 1112 1808 Marii)
1123 1750 1334 1806 Sulpicius
1347 1751 1448 1793 trib.
1462 1750 1577 1806 pleb.
1593 1750 1716 1805 leyem

135 1820 278 1878 picius
316 1820 412 1864 tulit
444 1820 574 1877 leyem
609 1826 657 1865 ut
691 1821 895 1866 tolleretur
967 1823 1063 1867 tulit
1099 1827 1146 1866 ut
1180 1824 1414 1878 auferretur
1450 1822 1592 1866 Sullae
1620 1836 1715 1876 pro-

49 1950 51 1954 ·
143 1890 438 1937 Mithridatica
450 1894 674 1949 provincia
692 1892 835 1938 Sullae
859 1898 898 1938 et
966 1896 1106 1939 vincia
1136 1909 1185 1938 ae
1215 1894 1364 1938 Mario
1394 1896 1573 1938 daretur.

35 1955 42 1962 A*
68 1975 75 1999 ¹·
143 1963 314 2020 daretur
343 1963 520 2010 Mario?

30 2051 34 2059 ·
228 2033 359 2101 ἱ’ἱῖΗο(1
395 2036 539 2081 Sullae
576 2037 653 2080 ubi
690 2037 939 2081 nuntiatum
977 2041 1043 2081 est
1075 2073 1084 2081 .
1105 2072 1114 2080 .
1135 2073 1142 2081 .
1163 2071 1174 2081 .
1205 2053 1302 2081 cum
1340 2040 1463 2093 parte
1503 2036 1717 2080 exercitus

143 2106 329 2170 iniuriae
375 2108 522 2153 dolore
571 2112 813 2152 commotus
862 2110 916 2152 ad
965 2109 1270 2168 extingendam
1312 2109 1550 2152 Marianam
1599 2108 1717 2150 venit

142 2179 388 2236 factionem.
443 2180 602 2225 Statim
625 2184 676 2224 ut
700 2181 884 2224 Romam
908 2182 1039 2238 venit,
1070 2181 1341 2224 resistentem
1367 2181 1453 2224 sibi
1478 2180 1717 2236 Sulpicium

144 2255 191 2305 et
213 2250 431 2303 seditiosis
456 2252 732 2297 contionibus
758 2269 847 2296 rem
869 2253 1090 2310 publicam
1110 2253 1428 2296 disturbantem
1453 2267 1550 2295 cum
1569 2251 1718 2294 multis

138 2338 245 2387 quos
267 2324 350 2369 sthi
371 2325 501 2375 socios
525 2327 731 2369 asciverat
753 2326 985 2369 trucidavit
1010 2328 1140 2382 atque
1165 2325 1350 2369 Marium
1375 2325 1531 2381 ipsum,
1562 2324 1717 2366 machi-

61 2394 63 2398 ’
132 2398 339 2441 'nator-em
370 2399 517 2440 tantae
549 2397 852 2454 contumeliae,
890 2399 937 2441 iu
974 2398 1146 2455 exilium
1184 2397 1350 2454 impetu
1382 2398 1555 2440 detrusit
1584 2411 1717 2438 armo-

255 2467 269 2488 2

49 2480 52 2487 '
89 2491 97 2498 ·
145 2483 254 2512 rum.
329 2468 444 2512 Dein
467 2469 595 2512 Marii
627 2484 792 2512 errores
824 2485 849 2512 a
874 2469 1079 2513 Sallustio
1105 2469 1306 2512 videntur
1332 2468 1506 2512 narrati.
1555 2467 1717 2510 Marius

144 2539 282 2599 igitur
298 2541 398 2584 navi
415 2541 556 2584 Roma
580 2541 802 2597 profectus
819 2556 869 2584 ac
888 2541 1224 2598 tempestatibus
1244 2542 1297 2584 ad
1318 2540 1575 2596 Campaniae
1599 2555 1716 2582 oram

261 2646 296 2702 ’)
320 2646 510 2691 Quidnam
536 2647 582 2683 de
608 2646 794 2683 sociorum
818 2647 920 2684 bello
945 2647 1157 2684 narraverit
1183 2646 1384 2683 Sallustius
1416 2657 1549 2691 parum
1574 2646 1716 2680 certum

145 2695 220 2740 θείη
245 2693 392 2731 scilicet
416 2694 577 2731 aliorum
603 2694 827 2741 scriptorum
850 2707 960 2732 nemo
986 2696 1080 2732 haec
1100 2707 1119 2731 e
1141 2694 1321 2731 Sallustio
1341 2693 1478 2729 hausit.
1523 2693 1650 2728 Etiam
1670 2693 1716 2728 de

145 2723 268 2779 Maiio
281 2741 461 2788 Sullaque
476 2742 589 2797 pauci
609 2745 698 2778 sunt
709 2740 916 2788 Plutarchi,
936 2743 1079 2789 Dionis,
1101 2743 1260 2779 aliorum
1279 2742 1363 2787 loci,
1385 2753 1477 2786 quos
1498 2752 1518 2776 e
1535 2739 1716 2776 Sallustio

140 2791 345 2846 mont-ptos
377 2802 459 2827 esse
496 2790 743 2826 iudicandum
779 2792 847 2828 est.
903 2791 1027 2828 Unum
1057 2790 1303 2837 Exuperantii
1339 2789 1577 2835 opusculum,
1615 2788 1716 2834 quod

0 2845 9 2889 ξ
145 2837 256 2885 quasi
286 2837 477 2893 epitomen
502 2838 675 2875 Sallustii
704 2838 949 2876 historiarum
979 2839 1060 2876 iure
1091 2840 1244 2886 putant,
1281 2849 1389 2873 omne
1420 2837 1497 2873 fere
1529 2818 1579 2872 ad
1608 2835 1716 2872 resti-

0 2890 5 2932 ί
143 2885 341 2923 tuendam
351 2885 432 2923 eius
456 2886 677 2922 memoriam
702 2886 875 2923 adhiberi
899 2889 1042 2934 potest,
1076 2886 1276 2922 dummodo
1303 2897 1364 2932 ea,
1397 2896 1494 2931 quae
1519 2883 1646 2932 inepte
1672 2896 1716 2921 ac

144 2944 343 2982 perperam
366 2934 447 2982 ipse
473 2934 750 2982 Exuperantius
775 2935 959 2983 confudit,
986 2935 1215 2972 omittamus.
