2034 3184
328 137 410 179 188
802 138 957 174 Sallusti
982 114 1231 176 nistoriarum
1255 139 1319 176 lib.
1340 110 1400 175 ni.

323 245 474 287 asserit
511 248 599 286 tam
631 245 772 301 Tigris
811 261 937 301 quam
968 247 1204 302 Euphratis
1241 250 1287 290 in
1316 249 1522 290 Armenia
1548 250 1680 302 fontes
1711 249 1879 293 demon-

323 315 477 371 strari’,
510 315 597 370 ‘qui
622 330 700 369 por
730 317 893 359 diversa
919 322 1056 361 euntes
1085 319 1257 375 longius
1290 319 1536 370 dividuntur
1567 318 1707 374 spatio
1738 318 1878 363 medio

322 386 470 428 relicto
496 386 729 430 multorum
760 388 943 444 milium3
975 390 1047 432 sed
1079 395 1198 442 terra,
1229 406 1334 445 quae
1364 392 1414 433 ab
1441 392 1496 433 iis
1519 391 1710 444 ambitum,
1741 391 1880 436 Meso-

314 458 504 510 potamia
534 458 701 501 dicitur’
733 459 866 516 (Isid.
893 460 1014 517 orig.
1040 461 1144 504 XIII
1169 463 1237 518 21,
1269 460 1350 519 10).

438 550 543 595 App.
595 551 657 596 (IV
684 555 728 586 52
741 552 785 597 D,
820 557 860 588 11
877 553 921 597 K,
953 557 996 588 55
1013 554 1054 599 G,
1086 555 1120 589 II
1143 566 1178 599 p.
1199 558 1268 590 495
1282 555 1356 600 ΒΓ.)
1381 557 1392 600 ΙΙ
1425 555 1511 590 Voci
1535 554 1763 591 demonstari
1789 555 1877 592 Hie-

323 599 465 643 ronymi
490 598 757 635 Sallustianum
788 600 936 635 ostendi
966 603 1176 646 respondere
1206 603 1357 638 videtur.
1392 624 1434 627 —
1466 613 1533 647 per
1558 602 1706 638 diversa
1730 604 1878 651 euntes]

321 645 587 681 Sallustianum
611 658 681 682 esse
706 652 871 692 apertum
890 653 949 683 est.
972 669 1014 674 -—
1036 649 1105 689 sed,
1126 650 1226 684 terra
1246 650 1357 696 quae]
1384 660 1480 694 quae
1505 651 1633 685 tamen
1655 651 1757 686 terra
1781 661 1878 696 quae

319 693 495 728 Isidorus
517 715 560 718 —
583 693 768 730 Postrema
787 696 924 731 Isidori
941 697 1048 731 verba
1067 697 1117 731 ad
1137 696 1351 732 Sallustium
1375 698 1492 732 redire
1511 697 1639 733 collato
1657 697 1779 734 Dione
1802 699 1879 734 veri

318 741 359 783 fit
384 741 516 784 simile,
542 752 569 776 0.
592 745 626 784 6,
645 744 687 777 2.-
713 741 1011 788 (Μεσοποταμία)
1038 741 1132 778 οὕτω
1159 743 1228 789 γὰρ
1254 749 1342 779 πᾶν
1368 743 1414 779 τὸ
1440 743 1605 789 μεταξὺ
1629 749 1706 780 τοῦ
1731 757 1775 780 τε
1806 743 1878 780 Τί-

320 788 475 832 γριδος
499 788 573 823 καὶ
598 794 675 824 τοῦ
703 788 946 835 Εὐφράτου
973 789 1202 835 ὀνομάζεται.

441 882 545 928 78*.
608 885 768 928 Schol.
807 886 867 928 ad
900 885 1066 929 Iuven.
1099 887 1119 930 I
1148 888 1248 931 104:
1288 888 1648 943 ‘Mesopotamem'
1684 888 1879 932 homines

318 955 547 997 effrenatae
584 955 777 998 libidinis
815 960 914 1000 sunt
945 958 989 999 in
1025 961 1209 1014 utroque
1241 974 1362 1016 sexu3
1400 959 1627 1002 Sallustius
1656 959 1878 1002 meminit?

435 1047 540 1093 App.
592 1049 655 1093 (IV
676 1052 719 1084 53
734 1050 777 1095 D,
806 1054 848 1085 12
863 1050 907 1095 K,
934 1054 978 1086 56
997 1051 1038 1096 G,
1064 1052 1098 1086 ΙΙ
1122 1064 1157 1097 p.
1179 1056 1245 1087 641
1261 1052 1335 1097 ΒΥ.)

438 1131 512 1177 79.
576 1133 746 1176 Clausi
778 1134 1035 1178 lateribus
1068 1136 1190 1178 altis
1221 1136 1408 1192 pedem.

436 1226 541 1272 App.
593 1227 656 1272 (IV
677 1231 721 1262 64
735 1228 778 1272 D,
806 1231 849 1262 65
864 1228 907 1274 K,
937 1232 980 1263 70
995 1228 1037 1274 G,
1064 1229 1097 1263 II
1121 1242 1156 1274 p.
1178 1234 1245 1264 ‘239
1260 1230 1334 1275 ΒΥ.)
1361 1251 1404 1256 -
1429 1230 1535 1266 Arus.
1561 1243 1596 1276 p.
1617 1234 1696 1266 450.

436 1303 603 1342 Comm.
665 1303 728 1342 Ad
754 1304 922 1343 Nisibim
955 1305 1151 1355 pertinere
1182 1307 1256 1345 1100
1284 1307 1554 1358 fragmentum
1579 1308 1725 1346 collato
1750 1307 1877 1348 Dione

317 1362 469 1413 putavi,
502 1375 532 1401 c.
561 1365 633 1401 63:
665 1361 711 1401 τὰ
741 1362 815 1415 γὰρ
840 1364 943 1416 τείχη
974 1363 1037 1403 καὶ
1072 1364 1187 1403 διπλᾶ
1218 1364 1295 1404 καὶ
1325 1365 1562 1405 πλίνθιναι
1594 1363 1705 1405 ὄντα
1734 1365 1808 1417 τήν
1837 1380 1877 1406 τε

317 1421 516 1472 παχύτητα
541 1420 689 1472 πολλὴν
715 1421 851 1474 ἔχοντα
875 1421 941 1462 καὶ
965 1423 1123 1479 τάφρῳ
1154 1424 1327 1478 βαθείᾳ
1353 1423 1663 1477 διειλημμένα
1686 1427 1783 1474 ’tvl-4
1815 1425 1877 1465 sin

317 1481 556 1533 quaerimus,
583 1481 775 1531 quidnam
800 1483 982 1521 clausum
1006 1497 1120 1522 muro
1143 1497 1163 1522 e
1183 1483 1375 1523 lateribus
1401 1486 1599 1524 exstructo
1625 1484 1758 1536 fuerit,
1784 1497 1878 1524 sane

316 1541 482 1578 fuerunt
505 1540 535 1578 ii
561 1541 648 1593 loci,
680 1542 820 1594 fossae,
852 1542 941 1581 viae
967 1542 1208 1594 tramitesve,
1242 1556 1343 1593 quae
1375 1543 1480 1582 inter
1504 1544 1603 1582 duos
1628 1543 1719 1583 illos
1743 1556 1879 1583 muros

318 1599 547 1638 intererant.

436 1691 543 1735 80³⁶.
606 1689 820 1749 (Nubes)
846 1727 854 1734 .
876 1726 884 1734 .
906 1727 943 1735 ..
970 1693 1240 1735 foedavere
1271 1693 1450 1736 lumen.

434 1784 540 1829 App.
592 1785 677 1829 (Inc.
702 1789 768 1820 104
782 1786 825 1830 D,
853 1789 896 1820 73
909 1786 954 1831 K,
983 1790 1026 1821 15
1041 1786 1083 1831 G,
1109 1787 1143 1821 II
1161 1798 1195 1832 p.
1217 1789 1262 1821 82
1276 1787 1350 1832 Br.)
1370 1808 1414 1812 —
1436 1786 1535 1822 Serv.
1557 1787 1607 1822 ad
1625 1786 1716 1823 Aen.
1735 1787 1770 1822 Π
1789 1790 1874 1824 286:

319 1831 534 1867 ‘Sallustius
561 1832 623 1867 de.
638 1833 862 1869 nubibus?

435 1908 600 1947 Comm.
653 1909 839 1959 Spectare
865 1910 974 1949 loeus
999 1899 1282 1948 mihi'videtm·
1303 1910 1353 1948 ad
1372 1910 1522 1949 Nisibis
1547 1910 1656 1950 urbis
1675 1923 1875 1963 expugna—

316 1967 475 2019 tionem,
501 1968 548 2006 cf.
575 1968 692 2007 Dion.
718 1982 749 2007 c.
778 1971 814 2020 7,
844 1971 884 2007 1:
917 1967 1076 2021 ἐτήρησε
1108 1968 1229 2008 νύκτα
1253 1967 1446 2020 ἀσέληνον
1477 1961 1542 2008 καὶ
1572 1968 1690 2025 ὑετῷ
1722 1968 1875 2026 λάβρῳ

317 2027 541 2078 βρονταῖς
573 2041 616 2066 τε
646 2026 886 2080 χειμέριον
915 2030 993 2084 κτλ.

435 2116 511 2162 81.
573 2117 880 2161 Sestertium
911 2118 1090 2161 tricies
1121 2118 1326 2175 pepigit
1357 2134 1382 2160 a
1413 2118 1457 2161 G.
1483 2118 1680 2162 Pisone.

435 2210 540 2256 App.
592 2211 655 2256 (IV
675 2215 719 2246 36
733 2211 776 2256 D,
804 2215 845 2246 61
861 2212 905 2257 Κ,
933 2215 976 2246 73
991 2211 1048 2257 Gr.)
1075 2233 1118 2237 —
1144 2212 1250 2248 Arus.
1276 2224 1311 2257 p.
1332 2215 1412 2248 498.

435 2287 599 2326 Comm.
662 2287 771 2333 Quae
808 2288 971 2326 Dietsch
1012 2289 1217 2327 enucleare
1255 2288 1411 2326 studuit
1447 2301 1467 2327 0
1504 2288 1720 2339 fragmenti
1755 2289 1874 2328 huius

316 2346 455 2398 verbis,
481 2346 696 2385 falsissima
722 2347 854 2385 omnia
881 2349 983 2398 sunt,
1012 2360 1140 2397 neque
1167 2348 1271 2386 enim
1297 2346 1336 2386 O.
1364 2347 1455 2386 Piso
1480 2347 1649 2397 pecunia
1674 2348 1873 2398 corrumpi

315 2406 379 2444 hic
411 2407 615 2457 narratur,
652 2419 791 2445 verum
827 2407 861 2445 is
898 2407 1183 2458 corrumpitur,
1221 2407 1292 2457 qui
1324 2408 1538 2446 3000000
1563 2406 1791 2446 sestertium
1826 2420 1874 2446 ex

315 2466 432 2515 pacto
453 2478 477 2503 a
495 2465 638 2504 Pisone
665 2465 826 2515 accepit.
870 2465 1055 2504 Pisonem
1074 2466 1210 2517 alium,
1237 2466 1316 2504 nisi
1336 2464 1376 2504 C.
1398 2465 1659 2516 Calpurnium
1677 2465 1873 2517 Pisonem,

317 2525 410 2562 anni
438 2526 491 2564 67
523 2524 737 2574 consulem,
768 2524 941 2575 intelligi
972 2538 1051 2564 non
1081 2538 1195 2575 posse
1226 2525 1307 2563 iam
1332 2524 1482 2564 Kritzio
1514 2524 1600 2563 iure
1630 2524 1762 2564 visum
1793 2525 1872 2576 est3

316 2584 383 2622 sed
414 2584 460 2622 de
493 2583 647 2622 ambitu
683 2583 792 2621 illius
823 2584 1075 2622 consulatum
1110 2584 1283 2634 petentis
1318 2584 1392 2623 hoc
1428 2584 1514 2623 1000
1552 2583 1619 2635 agi
1648 2583 1715 2623 vix
1749 2583 1872 2623 credi-

316 2643 456 2693 derim,
494 2655 584 2682 011111
615 2656 662 2682 ea
692 2643 734 2680 in
764 2655 805 2681 re
837 2643 957 2680 multi
988 2656 1034 2681 ex
1064 2643 1195 2694 plebe,
1233 2656 1311 2682 non
1342 2655 1458 2694 unus,
1489 2643 1600 2684 velut
1633 2644 1768 2682 nostro
1798 2642 1872 2683 hoc

316 2702 556 2753 fragmento,
601 2701 743 2740 ambiri
785 2701 1062 2751 corrumpique
1107 2703 1270 2741 soleant.
1338 2701 1497 2752 Optime
1540 2713 1633 2741 vero
1677 2701 1872 2752 quadrare

316 2762 584 2812 fragmentum
621 2761 779 2800 videtur
818 2761 868 2799 ad
905 2761 1053 2799 crimen
1093 2761 1267 2800 ambitus
1306 2761 1433 2800 eidem
1473 2760 1626 2800 consuli
1665 2760 1870 2812 designato

317 2820 526 2871 obiectum,
558 2821 665 2871 quod
693 2821 878 2870 corrupto
904 2819 971 2858 ille
997 2822 1226 2859 accusatore
1252 2820 1430 2871 evitavit,
1462 2820 1511 2860 cf.
1536 2820 1653 2859 Dion.
1678 2832 1710 2858 0.
1738 2821 1805 2871 38,
1827 2821 1871 2859 3:

318 2873 380 2932 (οἵ
407 2874 566 2933 ὕπατοι)
598 2878 711 2919 αὐτοὶ
740 2877 813 2932 γὰρ
846 2878 1204 2926 διασπουδάσαντες
1234 2877 1525 2931 ἀπεδείχθησαν
1549 2876 1616 2918 καὶ
1640 2876 1704 2931 ὅγε
1729 2877 1870 2918 Πίσων
