1976 3190
299 153 356 194 34
794 152 949 188 Sallusti
972 151 1223 189 Historiarum
1247 152 1312 188 lib.
1332 152 1359 187 I.

301 262 344 300 et
375 259 634 315 ignoscendo
666 259 818 314 populi
848 259 1031 303 Romani
1062 260 1403 317 magnitudinem
1433 257 1614 314 auxisse,
1643 271 1856 314 nusquam

301 329 430 370 etiam
467 332 560 370 tum
596 329 807 384 Lepidum
849 345 1126 388 progressum
1165 331 1356 386 aiebant,
1399 343 1495 371 cum
1537 328 1706 383 privata
1738 343 1857 372 arma

300 399 606 454 opprimendae
637 399 852 443 libertatis
889 402 1091 459 cepisset,
1129 402 1214 444 sibi
1252 401 1431 456 quisque
1469 413 1573 454 opes
1610 401 1685 442 aut
1715 401 1857 456 patro-

260 483 277 513 7
300 470 411 511 cinia
443 470 682 525 quaerendo
715 471 941 514 consilium
972 472 1195 528 publicum
1221 472 1516 526 corruperunt.
1563 468 1624 512 At
1648 472 1742 513 tum
1765 472 1858 523 erat

298 540 486 595 Lepidus
523 540 634 584 latro
667 556 763 584 cum
794 542 1015 585 calonibus
1047 546 1090 585 et
1121 542 1270 599 paucis
1301 541 1476 597 sicariis,
1515 555 1697 597 quorum
1730 555 1856 585 nemo

299 611 450 652 diurna
485 612 676 654 mercede
714 612 847 655 vitam
883 613 1130 668 mutaverit3
1173 628 1286 655 nunc
1330 615 1395 654 est
1434 625 1514 667 pro
1551 611 1724 656 consule
1760 626 1858 657 cum

298 681 480 736 imperio
510 696 598 724 non
629 685 775 738 empto
807 683 882 725 sed
913 684 1012 726 dato
1050 698 1074 725 a
1105 683 1247 739 vobis,
1285 698 1381 725 cum
1412 682 1568 739 legatis
1599 683 1737 726 adhuc
1765 682 1858 728 iure

299 752 569 807 parentibus,
610 756 653 795 et
690 754 743 795 ad
780 768 877 796 eum
916 769 1163 796 concurrere
1199 754 1395 796 homines
1433 753 1624 796 omnium
1661 753 1858 801 ordinum

300 822 631 880 corruptissimi,
669 824 899 881 flagrantes
930 824 1077 880 inopia
1114 827 1157 866 et
1194 824 1488 882 cupidinibus,
1525 823 1731 868 scelerum
1761 839 1857 877 con-

299 893 477 936 scientia
508 894 728 951 exagitati,
761 895 918 951 quibus
951 895 1071 950 quies
1102 895 1147 937 in
1178 895 1475 952 seditionibus,
1505 895 1559 938 in.
1574 910 1680 952 pace
1703 895 1858 939 turbae

301 966 412 1006 sunt.
473 964 531 1006 Hi
563 966 798 1008 tumultum
830 980 882 1008 ex
913 966 1117 1022 tumultu,
1154 966 1317 1008 bellum
1348 981 1400 1008 ex
1432 966 1548 1009 bello
1585 968 1752 1023 serunt,
1786 965 1858 1010 Sa„

297 1035 461 1078 turnini
506 1036 626 1091 olim,
670 1039 770 1092 post
813 1036 1011 1092 Sulpicii,
1054 1037 1152 1079 dein
1194 1037 1303 1079 Mari
1346 1037 1704 1094 Damasippique,
1743 1051 1858 1080 nunc

258 1119 278 1149 8
298 1106 452 1160 Lepidi
478 1106 696 1148 satellites.
746 1107 973 1149 Praeterea
997 1106 1173 1149 Etruria
1198 1110 1326 1162 atque
1352 1122 1498 1150 omnes
1522 1107 1728 1163 reliquiae
1753 1107 1857 1151 belli

297 1178 497 1233 arrectae,
540 1176 775 1233 Hispaniae
807 1178 936 1220 armis
968 1178 1192 1235 sollicitae,
1228 1178 1499 1221 Mithridates
1529 1178 1575 1221 in
1603 1179 1738 1222 latere
1766 1193 1858 1222 vec-

297 1246 496 1303 tigalium
538 1250 801 1303 nostrorum,
851 1249 1009 1304 quibus
1053 1248 1189 1292 adhuc
1232 1251 1538 1306 sustentamur,
1587 1249 1699 1292 diem
1741 1249 1856 1292 bello

298 1317 605 1375 circumspicit,
637 1319 741 1374 quin
771 1322 943 1375 praeter
973 1319 1173 1362 idoneum
1204 1320 1353 1363 ducem
1383 1320 1493 1362 nihil
1523 1320 1646 1363 abest
1677 1320 1731 1363 ad
1761 1320 1858 1364 sub-

298 1389 548 1431 vertendum
579 1389 819 1445 imperium.
1057 1437 1063 1443 ,
1219 1381 1222 1384 Δ

257 1473 277 1504 9
416 1459 539 1510 Quod
559 1475 639 1518 ego
659 1475 735 1503 vos
758 1476 833 1504 oro
853 1464 984 1517 atque
1004 1462 1194 1518 obsecro,
1219 1463 1365 1517 patres
1390 1460 1635 1517 conscripti,
1658 1463 1708 1504 ut
1727 1461 1857 1505 anim-

300 1531 532 1573 advertatis
569 1546 652 1573 neu
690 1531 915 1587 patiamini
952 1532 1170 1574 licentiam
1203 1532 1411 1575 scelerum
1448 1531 1570 1588 quasi
1605 1531 1771 1576 rabiem
1803 1532 1858 1575 ad

299 1601 492 1658 integros
524 1606 725 1645 contactu
755 1602 1001 1659 procedere3
1031 1618 1131 1645 nam
1163 1603 1237 1645 ubi
1269 1603 1404 1646 malos
1432 1603 1622 1659 praemia
1647 1605 1860 1660 secuntur,

236 1686 278 1716 10
299 1672 412 1714 haud
443 1673 566 1715 facile
599 1673 828 1728 quisquam
858 1674 1049 1730 gratuito
1081 1675 1221 1716 bonus
1252 1676 1327 1716 est.
1387 1673 1458 1716 An
1489 1674 1726 1729 expectatis
1757 1673 1859 1716 dum

300 1743 490 1786 exercitu
529 1759 677 1787 rursus
716 1745 888 1787 admoto
929 1746 1042 1787 ferro
1083 1747 1211 1800 atque
1254 1745 1425 1787 flamma
1467 1745 1620 1787 urbem
1655 1744 1858 1787 invadat?

300 1814 423 1864 Quod
454 1815 589 1857 multo
622 1816 803 1871 propius
835 1819 900 1858 est
931 1816 986 1858 ab
1014 1831 1063 1858 eo
1089 1831 1173 1871 quo
1200 1816 1337 1872 agitat
1362 1818 1490 1873 statu,
1521 1830 1650 1871 quam
1675 1830 1728 1858 ex
1752 1829 1857 1871 pace

238 1899 277 1929 11
301 1888 344 1927 et
385 1886 609 1928 concordia
648 1886 701 1928 ad
741 1901 858 1929 arma
899 1886 1049 1929 civilia.
1111 1886 1226 1937 Quae
1267 1887 1339 1928 ille
1377 1887 1599 1930 adversum
1636 1886 1780 1931 divina
1815 1889 1860 1929 et

299 1957 485 1999 humana
517 1957 658 1999 omnia
684 1958 811 2013 cepit,
841 1972 928 2000 non
959 1973 1038 2013 pro
1070 1973 1146 2000 sua
1177 1959 1251 2000 aut
1277 1972 1458 2013 quorum
1490 1957 1663 2000 simulat
1690 1957 1859 2014 iniuria,

300 2028 373 2070 sed
410 2028 556 2085 legum
593 2043 641 2070 ac
676 2028 893 2071 libertatis
930 2028 1251 2071 subvertendae.
1317 2027 1478 2085 Agitur
1517 2020 1632 2071 enim
1667 2043 1717 2071 ac
1751 2028 1857 2071 lace-

297 2090 418 2141 ratur
443 2099 573 2141 animi
600 2099 798 2154 cupidine
825 2102 868 2141 et
892 2115 1101 2142 noxarum
1126 2102 1256 2155 metu,
1287 2094 1440 2155 ex'pers
1468 2099 1648 2155 consilii,
1677 2099 1858 2156 inquies,

299 2170 403 2211 haec
428 2173 556 2225 atque
582 2170 655 2211 illa
674 2173 904 2227 temptans,
928 2170 1082 2212 metuit
1108 2170 1255 2225 otium,
1282 2170 1372 2212 odit
1398 2170 1572 2226 bellum,
1595 2170 1703 2212 luxu
1725 2171 1858 2225 atque

299 2240 471 2282 licentia
503 2241 730 2283 carendum
759 2240 876 2283 videt
906 2244 1034 2296 atque
1065 2240 1239 2283 interim
1266 2241 1462 2283 abutitur
1490 2243 1632 2283 vestra
1656 2240 1858 2284 socordia.

239 2324 280 2354 12
300 2311 452 2367 Neque
484 2312 591 2353 mihi
623 2312 727 2354 satis
759 2311 924 2354 consilii
957 2314 1039 2366 est,
1077 2315 1239 2354 metum
1270 2327 1323 2354 an
1355 2311 1571 2369 ignaviam
1606 2326 1661 2354 an
1692 2310 1857 2354 demen-

301 2382 406 2424 tiam
455 2397 547 2424 eam
585 2382 816 2437 appellem,
861 2382 934 2437 qui
977 2382 1178 2425 videmini
1219 2385 1340 2424 tanta
1383 2382 1494 2424 mala
1533 2382 1655 2438 quasi
1694 2382 1857 2425 fulmen

303 2455 452 2508 optare
484 2467 528 2495 se
561 2452 740 2508 quisque
765 2467 819 2495 ne
845 2453 1044 2510 attingat,
1075 2453 1149 2496 sed
1173 2453 1403 2509 prohibere
1427 2467 1481 2504 ne
1506 2452 1649 2495 conari
1674 2452 1856 2508 quidem.

388 2652 395 2659 ⁴
423 2608 453 2641 7.
467 2615 554 2660 'non
574 2608 659 2651 post
681 2615 790 2640 nemo
817 2605 901 2641 add.
928 2605 1067 2641 Carrio,
1092 2626 1139 2631 -—
1164 2605 1306 2653 empto]
1333 2605 1483 2651 dempto
1514 2605 1606 2641 coni.
1633 2603 1777 2653 ertel.
1810 2611 1854 2631 —'

301 2654 414 2700 Man]
422 2653 568 2754 gibelli]
593 2711 640 2735 ne
666 2700 707 2744 V,
731 2711 822 2754 corr.¹
844 2700 990 2736 camos
1009 2721 1056 2725 —
1074 2699 1233 2747 rabiem]
1259 2700 1387 2736 tabem
1411 2700 1504 2736 coni.
1533 2699 1672 2755 (lamio.

348 2797 354 2803 ἢ
423 2752 476 2784 11.
504 2748 646 2794 agitur]
676 2748 722 2792 cf.
752 2747 857 2793 Opztz
886 2759 974 2784 ann.
1002 2748 1128 2793 philol.
1149 2750 1223 2784 127
1242 2759 1281 2793 p.
1303 2750 1378 2784 220
1407 2752 1442 2783 et
1465 2747 1656 2783 Wemhold
1685 2750 1755 2783 aet.
1785 2757 1852 2782 soc.

304 2796 406 2840 szs.
425 2796 627 2888 ἐρ’ὺὲἕΐξὲ]
653 2841 776 2876 itanta
803 2842 844 2886 V,
869 2853 959 2877 corr.
989 2842 1116 2885 Orelli,
1142 2841 1289 2877 intenta
1314 2842 1406 2878 coni.
1431 2841 1563 2885 Aldus,
1587 2839 1776 2877 intuentes
1799 2841 1856 2876 vel

299 2894 423 2935 postea
449 2889 636 2924 intuentes
661 2890 770 2924 tanta
795 2889 955 2933 Dietseh,
980 2889 1197 2924 minitantia
1224 2890 1368 2925 δεῇ-ϋηο.
