<?xml version="1.0" encoding="UTF-8"?>
<!DOCTYPE html PUBLIC "-//W3C//DTD XHTML 1.0 Transitional//EN"
    "http://www.w3.org/TR/xhtml1/DTD/xhtml1-transitional.dtd">
<html xmlns="http://www.w3.org/1999/xhtml" xml:lang="en" lang="en">
 <head>
  <title>
</title>
<meta http-equiv="Content-Type" content="text/html;charset=utf-8" />
  <meta name='ocr-system' content='tesseract 3.04.00' />
  <meta name='ocr-capabilities' content='ocr_page ocr_carea ocr_par ocr_line ocrx_word'/>
</head>
<body>
  <div class='ocr_page' id='page_1' title='image "./historiarumreliq00salluoft_0194.png"; bbox 0 0 1976 3190; ppageno 0'>
   <div class='ocr_carea' id='block_1_1' title="bbox 1758 0 1976 186">
    <p class='ocr_par' dir='ltr' id='par_1_1' title="bbox 1758 0 1976 186">
     <span class='ocr_line' id='line_1_1' title="bbox 1758 0 1976 186; baseline 0 3004"><span class='ocrx_word' id='word_1_1' title='bbox 1758 0 1976 186; x_wconf 95' lang='lat' dir='ltr'> </span> 
     </span>
    </p>
   </div>
   <div class='ocr_carea' id='block_1_2' title="bbox 286 166 1352 217">
    <p class='ocr_par' dir='ltr' id='par_1_2' title="bbox 286 166 1352 217">
     <span class='ocr_line' id='line_1_2' title="bbox 286 166 1352 217; baseline -0.007 0"><span class='ocrx_word' id='word_1_2' title='bbox 286 175 339 217; x_wconf 79' lang='lat'>78</span> <span class='ocrx_word' id='word_1_3' title='bbox 768 166 923 211; x_wconf 81' lang='lat' dir='ltr'>Sallusti</span> <span class='ocrx_word' id='word_1_4' title='bbox 947 174 1198 212; x_wconf 74' lang='lat' dir='ltr'><strong>Historiarum</strong></span> <span class='ocrx_word' id='word_1_5' title='bbox 1223 174 1287 212; x_wconf 87' lang='lat' dir='ltr'>lib.</span> <span class='ocrx_word' id='word_1_6' title='bbox 1309 175 1352 211; x_wconf 91' lang='lat' dir='ltr'>II.</span> 
     </span>
    </p>
   </div>
   <div class='ocr_carea' id='block_1_3' title="bbox 224 282 1901 2467">
    <p class='ocr_par' dir='ltr' id='par_1_3' title="bbox 243 282 1844 554">
     <span class='ocr_line' id='line_1_3' title="bbox 243 282 1842 340; baseline 0.001 -14"><span class='ocrx_word' id='word_1_7' title='bbox 243 296 263 326; x_wconf 83' lang='lat'>5</span> <span class='ocrx_word' id='word_1_8' title='bbox 283 284 449 339; x_wconf 84' lang='lat' dir='ltr'>gnitate</span> <span class='ocrx_word' id='word_1_9' title='bbox 482 282 668 325; x_wconf 74' lang='lat' dir='ltr'><strong>dedistis.</strong></span> <span class='ocrx_word' id='word_1_10' title='bbox 730 283 813 325; x_wconf 90' lang='lat' dir='ltr'>Pro</span> <span class='ocrx_word' id='word_1_11' title='bbox 846 284 1001 339; x_wconf 88' lang='lat' dir='ltr'>quibus</span> <span class='ocrx_word' id='word_1_12' title='bbox 1034 284 1253 326; x_wconf 88' lang='lat' dir='ltr'>beneficiis</span> <span class='ocrx_word' id='word_1_13' title='bbox 1283 283 1355 326; x_wconf 86' lang='lat' dir='ltr'>vix</span> <span class='ocrx_word' id='word_1_14' title='bbox 1384 283 1487 325; x_wconf 88' lang='lat' dir='ltr'>satis</span> <span class='ocrx_word' id='word_1_15' title='bbox 1514 286 1662 340; x_wconf 85' lang='lat' dir='ltr'>gratus</span> <span class='ocrx_word' id='word_1_16' title='bbox 1685 283 1842 340; x_wconf 79' lang='lat' dir='ltr'>videar,</span> 
     </span>
     <span class='ocr_line' id='line_1_4' title="bbox 285 353 1844 412; baseline 0.001 -16"><span class='ocrx_word' id='word_1_17' title='bbox 285 355 319 396; x_wconf 89' lang='lat' dir='ltr'>si</span> <span class='ocrx_word' id='word_1_18' title='bbox 353 354 535 410; x_wconf 81' lang='lat' dir='ltr'>singulis</span> <span class='ocrx_word' id='word_1_19' title='bbox 572 353 774 410; x_wconf 77' lang='lat' dir='ltr'>animam,</span> <span class='ocrx_word' id='word_1_20' title='bbox 818 369 946 409; x_wconf 90' lang='lat' dir='ltr'>quam</span> <span class='ocrx_word' id='word_1_21' title='bbox 982 370 1165 412; x_wconf 76' lang='lat' dir='ltr'>nequeo,</span> <span class='ocrx_word' id='word_1_22' title='bbox 1209 354 1504 409; x_wconf 82' lang='lat' dir='ltr'>concesserim3</span> <span class='ocrx_word' id='word_1_23' title='bbox 1546 370 1645 397; x_wconf 89' lang='lat' dir='ltr'>nam</span> <span class='ocrx_word' id='word_1_24' title='bbox 1680 355 1769 412; x_wconf 81' lang='lat' dir='ltr'>vita</span> <span class='ocrx_word' id='word_1_25' title='bbox 1799 357 1844 398; x_wconf 77' lang='lat' dir='ltr'>et</span> 
     </span>
     <span class='ocr_line' id='line_1_5' title="bbox 284 425 1843 480; baseline 0.001 -14"><span class='ocrx_word' id='word_1_26' title='bbox 284 440 397 466; x_wconf 87' lang='lat' dir='ltr'>mors</span> <span class='ocrx_word' id='word_1_27' title='bbox 429 425 521 466; x_wconf 90' lang='lat' dir='ltr'>iura</span> <span class='ocrx_word' id='word_1_28' title='bbox 551 427 727 466; x_wconf 89' lang='lat' dir='ltr'>naturae</span> <span class='ocrx_word' id='word_1_29' title='bbox 759 427 871 480; x_wconf 86' lang='lat' dir='ltr'>sunt,</span> <span class='ocrx_word' id='word_1_30' title='bbox 903 428 950 467; x_wconf 93' lang='lat' dir='ltr'>ut</span> <span class='ocrx_word' id='word_1_31' title='bbox 979 426 1070 468; x_wconf 91' lang='lat' dir='ltr'>sine</span> <span class='ocrx_word' id='word_1_32' title='bbox 1101 426 1303 468; x_wconf 78' lang='lat' dir='ltr'>dedecore</span> <span class='ocrx_word' id='word_1_33' title='bbox 1336 440 1432 467; x_wconf 92' lang='lat' dir='ltr'>cum</span> <span class='ocrx_word' id='word_1_34' title='bbox 1463 425 1628 467; x_wconf 85' lang='lat' dir='ltr'>civibus</span> <span class='ocrx_word' id='word_1_35' title='bbox 1656 426 1770 468; x_wconf 82' lang='lat' dir='ltr'>fama</span> <span class='ocrx_word' id='word_1_36' title='bbox 1799 428 1843 468; x_wconf 82' lang='lat' dir='ltr'>et</span> 
     </span>
     <span class='ocr_line' id='line_1_6' title="bbox 284 495 1581 554; baseline 0.002 -18"><span class='ocrx_word' id='word_1_37' title='bbox 284 496 455 537; x_wconf 87' lang='lat' dir='ltr'>fortuna</span> <span class='ocrx_word' id='word_1_38' title='bbox 486 495 653 552; x_wconf 86' lang='lat' dir='ltr'>integer</span> <span class='ocrx_word' id='word_1_39' title='bbox 684 511 798 552; x_wconf 84' lang='lat' dir='ltr'>agas,</span> <span class='ocrx_word' id='word_1_40' title='bbox 829 496 873 538; x_wconf 86' lang='lat' dir='ltr'>id</span> <span class='ocrx_word' id='word_1_41' title='bbox 904 497 1014 539; x_wconf 87' lang='lat' dir='ltr'>dono</span> <span class='ocrx_word' id='word_1_42' title='bbox 1047 498 1172 554; x_wconf 77' lang='lat' dir='ltr'>datur</span> <span class='ocrx_word' id='word_1_43' title='bbox 1202 501 1330 552; x_wconf 89' lang='lat' dir='ltr'>atque</span> <span class='ocrx_word' id='word_1_44' title='bbox 1362 496 1581 552; x_wconf 88' lang='lat' dir='ltr'>accipitur.</span> 
     </span>
    </p>

    <p class='ocr_par' dir='ltr' id='par_1_4' title="bbox 244 565 1845 836">
     <span class='ocr_line' id='line_1_7' title="bbox 244 565 1844 623; baseline 0.002 -15"><span class='ocrx_word' id='word_1_45' title='bbox 244 580 263 608; x_wconf 78' lang='lat' dir='ltr'>c</span> <span class='ocrx_word' id='word_1_46' title='bbox 403 565 606 608; x_wconf 87' lang='lat' dir='ltr'>Consules</span> <span class='ocrx_word' id='word_1_47' title='bbox 637 581 715 608; x_wconf 89' lang='lat' dir='ltr'>nos</span> <span class='ocrx_word' id='word_1_48' title='bbox 746 567 908 609; x_wconf 88' lang='lat' dir='ltr'>fecistis</span> <span class='ocrx_word' id='word_1_49' title='bbox 934 566 1120 617; x_wconf 72' lang='lat' dir='ltr'>Quirites</span> <span class='ocrx_word' id='word_1_50' title='bbox 1152 567 1265 610; x_wconf 89' lang='lat' dir='ltr'>domi</span> <span class='ocrx_word' id='word_1_51' title='bbox 1298 567 1487 622; x_wconf 90' lang='lat' dir='ltr'>bellique</span> <span class='ocrx_word' id='word_1_52' title='bbox 1519 567 1844 623; x_wconf 81' lang='lat' dir='ltr'>impeditissima</span> 
     </span>
     <span class='ocr_line' id='line_1_8' title="bbox 284 636 1843 696; baseline 0.002 -18"><span class='ocrx_word' id='word_1_53' title='bbox 284 651 329 678; x_wconf 88' lang='lat' dir='ltr'>re</span> <span class='ocrx_word' id='word_1_54' title='bbox 356 636 548 693; x_wconf 80' lang='lat' dir='ltr'>publica3</span> <span class='ocrx_word' id='word_1_55' title='bbox 580 652 761 692; x_wconf 90' lang='lat' dir='ltr'>namque</span> <span class='ocrx_word' id='word_1_56' title='bbox 793 637 1074 692; x_wconf 89' lang='lat' dir='ltr'>imperatores</span> <span class='ocrx_word' id='word_1_57' title='bbox 1102 638 1337 693; x_wconf 84' lang='lat' dir='ltr'>Hispaniae</span> <span class='ocrx_word' id='word_1_58' title='bbox 1370 638 1642 695; x_wconf 79' lang='lat' dir='ltr'>stipendium,</span> <span class='ocrx_word' id='word_1_59' title='bbox 1672 638 1843 696; x_wconf 79' lang='lat' dir='ltr'>milites,</span> 
     </span>
     <span class='ocr_line' id='line_1_9' title="bbox 284 708 1845 766; baseline 0.002 -17"><span class='ocrx_word' id='word_1_60' title='bbox 284 723 418 763; x_wconf 81' lang='lat' dir='ltr'>arma,</span> <span class='ocrx_word' id='word_1_61' title='bbox 455 708 717 750; x_wconf 85' lang='lat' dir='ltr'>frumentum</span> <span class='ocrx_word' id='word_1_62' title='bbox 752 711 935 763; x_wconf 91' lang='lat' dir='ltr'>poscunt</span> <span class='ocrx_word' id='word_1_63' title='bbox 967 734 1022 738; x_wconf 90' lang='lat'><strong>—</strong></span> <span class='ocrx_word' id='word_1_64' title='bbox 1055 712 1098 750; x_wconf 93' lang='lat' dir='ltr'>et</span> <span class='ocrx_word' id='word_1_65' title='bbox 1129 709 1172 750; x_wconf 91' lang='lat' dir='ltr'>id</span> <span class='ocrx_word' id='word_1_66' title='bbox 1203 724 1270 751; x_wconf 90' lang='lat' dir='ltr'>res</span> <span class='ocrx_word' id='word_1_67' title='bbox 1301 709 1435 766; x_wconf 79' lang='lat' dir='ltr'>cogit,</span> <span class='ocrx_word' id='word_1_68' title='bbox 1473 708 1674 764; x_wconf 85' lang='lat' dir='ltr'>quoniam</span> <span class='ocrx_word' id='word_1_69' title='bbox 1711 709 1845 752; x_wconf 82' lang='lat' dir='ltr'>defec-</span> 
     </span>
     <span class='ocr_line' id='line_1_10' title="bbox 284 779 1844 836; baseline 0.001 -16"><span class='ocrx_word' id='word_1_70' title='bbox 284 779 401 820; x_wconf 92' lang='lat' dir='ltr'>tione</span> <span class='ocrx_word' id='word_1_71' title='bbox 433 779 644 820; x_wconf 91' lang='lat' dir='ltr'>sociorum</span> <span class='ocrx_word' id='word_1_72' title='bbox 676 782 718 820; x_wconf 89' lang='lat' dir='ltr'>et</span> <span class='ocrx_word' id='word_1_73' title='bbox 745 779 921 821; x_wconf 84' lang='lat' dir='ltr'>Sertorii</span> <span class='ocrx_word' id='word_1_74' title='bbox 953 795 1030 835; x_wconf 86' lang='lat' dir='ltr'>per</span> <span class='ocrx_word' id='word_1_75' title='bbox 1055 780 1213 822; x_wconf 90' lang='lat' dir='ltr'>montis</span> <span class='ocrx_word' id='word_1_76' title='bbox 1237 780 1341 836; x_wconf 84' lang='lat' dir='ltr'>fuga</span> <span class='ocrx_word' id='word_1_77' title='bbox 1364 795 1503 836; x_wconf 89' lang='lat' dir='ltr'>neque</span> <span class='ocrx_word' id='word_1_78' title='bbox 1528 794 1657 822; x_wconf 88' lang='lat' dir='ltr'>manu</span> <span class='ocrx_word' id='word_1_79' title='bbox 1683 783 1844 824; x_wconf 82' lang='lat' dir='ltr'>certare</span> 
     </span>
    </p>

    <p class='ocr_par' dir='ltr' id='par_1_5' title="bbox 245 850 1847 1261">
     <span class='ocr_line' id='line_1_11' title="bbox 245 850 1843 908; baseline 0.001 -16"><span class='ocrx_word' id='word_1_80' title='bbox 245 862 263 893; x_wconf 81' lang='lat'><strong>7</strong></span> <span class='ocrx_word' id='word_1_81' title='bbox 285 853 467 906; x_wconf 90' lang='lat' dir='ltr'>possunt</span> <span class='ocrx_word' id='word_1_82' title='bbox 497 865 636 905; x_wconf 91' lang='lat' dir='ltr'>neque</span> <span class='ocrx_word' id='word_1_83' title='bbox 662 850 785 892; x_wconf 87' lang='lat' dir='ltr'>utilia</span> <span class='ocrx_word' id='word_1_84' title='bbox 811 865 960 905; x_wconf 85' lang='lat' dir='ltr'>parare</span> <span class='ocrx_word' id='word_1_85' title='bbox 988 867 1059 906; x_wconf 83' lang='lat'>-3</span> <span class='ocrx_word' id='word_1_86' title='bbox 1092 851 1304 892; x_wconf 86' lang='lat' dir='ltr'>exercitus</span> <span class='ocrx_word' id='word_1_87' title='bbox 1330 851 1373 892; x_wconf 90' lang='lat' dir='ltr'>in</span> <span class='ocrx_word' id='word_1_88' title='bbox 1399 850 1503 893; x_wconf 89' lang='lat' dir='ltr'>Asia</span> <span class='ocrx_word' id='word_1_89' title='bbox 1530 850 1761 908; x_wconf 83' lang='lat' dir='ltr'>Ciliciaque</span> <span class='ocrx_word' id='word_1_90' title='bbox 1786 851 1843 894; x_wconf 93' lang='lat' dir='ltr'>ob</span> 
     </span>
     <span class='ocr_line' id='line_1_12' title="bbox 284 921 1846 978; baseline 0.002 -16"><span class='ocrx_word' id='word_1_91' title='bbox 284 921 438 963; x_wconf 90' lang='lat' dir='ltr'>nimias</span> <span class='ocrx_word' id='word_1_92' title='bbox 470 936 574 976; x_wconf 90' lang='lat' dir='ltr'>opes</span> <span class='ocrx_word' id='word_1_93' title='bbox 606 921 870 963; x_wconf 86' lang='lat' dir='ltr'>Mithridatis</span> <span class='ocrx_word' id='word_1_94' title='bbox 902 922 1084 978; x_wconf 79' lang='lat' dir='ltr'>aluntur,</span> <span class='ocrx_word' id='word_1_95' title='bbox 1122 921 1370 963; x_wconf 90' lang='lat' dir='ltr'>Macedonia</span> <span class='ocrx_word' id='word_1_96' title='bbox 1402 922 1538 977; x_wconf 84' lang='lat' dir='ltr'>plena</span> <span class='ocrx_word' id='word_1_97' title='bbox 1559 922 1748 965; x_wconf 87' lang='lat' dir='ltr'>hostium</span> <span class='ocrx_word' id='word_1_98' title='bbox 1779 925 1846 965; x_wconf 82' lang='lat' dir='ltr'>est</span> 
     </span>
     <span class='ocr_line' id='line_1_13' title="bbox 285 991 1847 1049; baseline 0.001 -15"><span class='ocrx_word' id='word_1_99' title='bbox 285 1007 363 1034; x_wconf 86' lang='lat' dir='ltr'>nec</span> <span class='ocrx_word' id='word_1_100' title='bbox 394 992 535 1033; x_wconf 88' lang='lat' dir='ltr'>minus</span> <span class='ocrx_word' id='word_1_101' title='bbox 560 991 708 1033; x_wconf 86' lang='lat' dir='ltr'>Italiae</span> <span class='ocrx_word' id='word_1_102' title='bbox 734 991 950 1033; x_wconf 87' lang='lat' dir='ltr'>maritima</span> <span class='ocrx_word' id='word_1_103' title='bbox 976 994 1018 1033; x_wconf 89' lang='lat' dir='ltr'>et</span> <span class='ocrx_word' id='word_1_104' title='bbox 1043 992 1371 1049; x_wconf 70' lang='lat' dir='ltr'>provinciarum,</span> <span class='ocrx_word' id='word_1_105' title='bbox 1403 1008 1498 1034; x_wconf 90' lang='lat' dir='ltr'>cum</span> <span class='ocrx_word' id='word_1_106' title='bbox 1523 992 1695 1035; x_wconf 88' lang='lat' dir='ltr'>interim</span> <span class='ocrx_word' id='word_1_107' title='bbox 1720 993 1847 1035; x_wconf 85' lang='lat' dir='ltr'>vecti-</span> 
     </span>
     <span class='ocr_line' id='line_1_14' title="bbox 285 1062 1846 1119; baseline 0.001 -15"><span class='ocrx_word' id='word_1_108' title='bbox 285 1063 399 1119; x_wconf 86' lang='lat' dir='ltr'>galia</span> <span class='ocrx_word' id='word_1_109' title='bbox 431 1077 562 1118; x_wconf 86' lang='lat' dir='ltr'>parva</span> <span class='ocrx_word' id='word_1_110' title='bbox 593 1065 635 1104; x_wconf 90' lang='lat' dir='ltr'>et</span> <span class='ocrx_word' id='word_1_111' title='bbox 667 1062 794 1104; x_wconf 90' lang='lat' dir='ltr'>bellis</span> <span class='ocrx_word' id='word_1_112' title='bbox 826 1062 988 1104; x_wconf 88' lang='lat' dir='ltr'>incerta</span> <span class='ocrx_word' id='word_1_113' title='bbox 1024 1063 1097 1104; x_wconf 83' lang='lat' dir='ltr'>vix</span> <span class='ocrx_word' id='word_1_114' title='bbox 1135 1066 1302 1118; x_wconf 87' lang='lat' dir='ltr'>partem</span> <span class='ocrx_word' id='word_1_115' title='bbox 1334 1067 1584 1119; x_wconf 82' lang='lat' dir='ltr'>sumptuum</span> <span class='ocrx_word' id='word_1_116' title='bbox 1615 1063 1846 1106; x_wconf 84' lang='lat' dir='ltr'>sustinent:</span> 
     </span>
     <span class='ocr_line' id='line_1_15' title="bbox 287 1134 1847 1190; baseline 0.001 -15"><span class='ocrx_word' id='word_1_117' title='bbox 287 1134 347 1175; x_wconf 88' lang='lat' dir='ltr'>ita</span> <span class='ocrx_word' id='word_1_118' title='bbox 379 1134 511 1175; x_wconf 88' lang='lat' dir='ltr'>classe</span> <span class='ocrx_word' id='word_1_119' title='bbox 544 1148 651 1188; x_wconf 90' lang='lat' dir='ltr'>quae</span> <span class='ocrx_word' id='word_1_120' title='bbox 684 1136 945 1175; x_wconf 82' lang='lat' dir='ltr'>commeatus</span> <span class='ocrx_word' id='word_1_121' title='bbox 982 1134 1186 1176; x_wconf 88' lang='lat' dir='ltr'>tuebatur</span> <span class='ocrx_word' id='word_1_122' title='bbox 1222 1134 1385 1177; x_wconf 91' lang='lat' dir='ltr'>minore</span> <span class='ocrx_word' id='word_1_123' title='bbox 1418 1150 1546 1190; x_wconf 88' lang='lat' dir='ltr'>quam</span> <span class='ocrx_word' id='word_1_124' title='bbox 1576 1137 1703 1177; x_wconf 86' lang='lat' dir='ltr'>antea</span> <span class='ocrx_word' id='word_1_125' title='bbox 1731 1134 1847 1177; x_wconf 81' lang='lat' dir='ltr'>navi-</span> 
     </span>
     <span class='ocr_line' id='line_1_16' title="bbox 285 1219 447 1261; baseline 0 -15"><span class='ocrx_word' id='word_1_126' title='bbox 285 1219 447 1261; x_wconf 86' lang='lat' dir='ltr'>gamus.</span> 
     </span>
    </p>

    <p class='ocr_par' dir='ltr' id='par_1_6' title="bbox 245 1274 1848 1403">
     <span class='ocr_line' id='line_1_17' title="bbox 245 1274 1846 1334; baseline 0.001 -16"><span class='ocrx_word' id='word_1_127' title='bbox 245 1287 265 1318; x_wconf 82' lang='lat'>8</span> <span class='ocrx_word' id='word_1_128' title='bbox 404 1275 521 1317; x_wconf 90' lang='lat' dir='ltr'>Haec</span> <span class='ocrx_word' id='word_1_129' title='bbox 553 1274 587 1316; x_wconf 92' lang='lat' dir='ltr'>si</span> <span class='ocrx_word' id='word_1_130' title='bbox 621 1274 718 1316; x_wconf 89' lang='lat' dir='ltr'>dolo</span> <span class='ocrx_word' id='word_1_131' title='bbox 751 1278 824 1316; x_wconf 92' lang='lat' dir='ltr'>aut</span> <span class='ocrx_word' id='word_1_132' title='bbox 856 1275 1049 1317; x_wconf 88' lang='lat' dir='ltr'>socordia</span> <span class='ocrx_word' id='word_1_133' title='bbox 1079 1279 1225 1318; x_wconf 88' lang='lat' dir='ltr'>nostra</span> <span class='ocrx_word' id='word_1_134' title='bbox 1257 1278 1475 1319; x_wconf 87' lang='lat' dir='ltr'>contracta</span> <span class='ocrx_word' id='word_1_135' title='bbox 1506 1279 1618 1333; x_wconf 85' lang='lat' dir='ltr'>sunt,</span> <span class='ocrx_word' id='word_1_136' title='bbox 1651 1276 1766 1334; x_wconf 84' lang='lat' dir='ltr'>agite</span> <span class='ocrx_word' id='word_1_137' title='bbox 1797 1279 1846 1319; x_wconf 85' lang='lat' dir='ltr'>ut</span> 
     </span>
     <span class='ocr_line' id='line_1_18' title="bbox 286 1345 1848 1403; baseline 0.002 -16"><span class='ocrx_word' id='word_1_138' title='bbox 286 1348 432 1388; x_wconf 90' lang='lat' dir='ltr'>monet</span> <span class='ocrx_word' id='word_1_139' title='bbox 464 1345 538 1401; x_wconf 81' lang='lat' dir='ltr'>ira,</span> <span class='ocrx_word' id='word_1_140' title='bbox 576 1345 837 1400; x_wconf 89' lang='lat' dir='ltr'>supplicium</span> <span class='ocrx_word' id='word_1_141' title='bbox 877 1346 1050 1402; x_wconf 80' lang='lat' dir='ltr'>sumite3</span> <span class='ocrx_word' id='word_1_142' title='bbox 1089 1346 1153 1388; x_wconf 90' lang='lat' dir='ltr'>sin</span> <span class='ocrx_word' id='word_1_143' title='bbox 1185 1347 1358 1389; x_wconf 82' lang='lat' dir='ltr'>fortuna</span> <span class='ocrx_word' id='word_1_144' title='bbox 1389 1347 1624 1390; x_wconf 83' lang='lat' dir='ltr'>communis</span> <span class='ocrx_word' id='word_1_145' title='bbox 1655 1347 1848 1403; x_wconf 80' lang='lat' dir='ltr'>asperior</span> 
     </span>
    </p>

    <p class='ocr_par' dir='ltr' id='par_1_7' title="bbox 245 1416 1877 1617">
     <span class='ocr_line' id='line_1_19' title="bbox 245 1416 1848 1473; baseline 0 -13"><span class='ocrx_word' id='word_1_146' title='bbox 245 1430 265 1460; x_wconf 83' lang='lat'>9</span> <span class='ocrx_word' id='word_1_147' title='bbox 287 1419 363 1473; x_wconf 79' lang='lat' dir='ltr'>est,</span> <span class='ocrx_word' id='word_1_148' title='bbox 395 1431 525 1472; x_wconf 88' lang='lat' dir='ltr'>quare</span> <span class='ocrx_word' id='word_1_149' title='bbox 558 1416 733 1473; x_wconf 84' lang='lat' dir='ltr'>indigna</span> <span class='ocrx_word' id='word_1_150' title='bbox 763 1416 888 1458; x_wconf 88' lang='lat' dir='ltr'>vobis</span> <span class='ocrx_word' id='word_1_151' title='bbox 918 1417 1128 1472; x_wconf 88' lang='lat' dir='ltr'>nobisque</span> <span class='ocrx_word' id='word_1_152' title='bbox 1161 1420 1203 1459; x_wconf 92' lang='lat' dir='ltr'>et</span> <span class='ocrx_word' id='word_1_153' title='bbox 1235 1432 1279 1460; x_wconf 91' lang='lat' dir='ltr'>re</span> <span class='ocrx_word' id='word_1_154' title='bbox 1305 1418 1480 1473; x_wconf 92' lang='lat' dir='ltr'>publica</span> <span class='ocrx_word' id='word_1_155' title='bbox 1504 1417 1724 1473; x_wconf 77' lang='lat' dir='ltr'>incipitis?</span> <span class='ocrx_word' id='word_1_156' title='bbox 1772 1417 1848 1460; x_wconf 87' lang='lat' dir='ltr'>At-</span> 
     </span>
     <span class='ocr_line' id='line_1_20' title="bbox 287 1487 1877 1545; baseline 0.002 -17"><span class='ocrx_word' id='word_1_157' title='bbox 287 1502 369 1543; x_wconf 90' lang='lat' dir='ltr'>que</span> <span class='ocrx_word' id='word_1_158' title='bbox 391 1503 482 1544; x_wconf 73' lang='lat' dir='ltr'>ego,</span> <span class='ocrx_word' id='word_1_159' title='bbox 514 1487 634 1529; x_wconf 92' lang='lat' dir='ltr'>cuius</span> <span class='ocrx_word' id='word_1_160' title='bbox 654 1487 784 1529; x_wconf 89' lang='lat' dir='ltr'>aetati</span> <span class='ocrx_word' id='word_1_161' title='bbox 810 1503 925 1529; x_wconf 90' lang='lat' dir='ltr'>mors</span> <span class='ocrx_word' id='word_1_162' title='bbox 944 1488 1123 1543; x_wconf 88' lang='lat' dir='ltr'>propior</span> <span class='ocrx_word' id='word_1_163' title='bbox 1148 1491 1223 1544; x_wconf 84' lang='lat' dir='ltr'>est,</span> <span class='ocrx_word' id='word_1_164' title='bbox 1248 1504 1335 1531; x_wconf 92' lang='lat' dir='ltr'>non</span> <span class='ocrx_word' id='word_1_165' title='bbox 1363 1489 1578 1545; x_wconf 86' lang='lat' dir='ltr'>deprecor,</span> <span class='ocrx_word' id='word_1_166' title='bbox 1609 1488 1646 1531; x_wconf 88' lang='lat' dir='ltr'>si</span> <span class='ocrx_word' id='word_1_167' title='bbox 1672 1488 1775 1544; x_wconf 87' lang='lat' dir='ltr'>quid</span> <span class='ocrx_word' id='word_1_168' title='bbox 1799 1503 1848 1531; x_wconf 85' lang='lat' dir='ltr'>ea</span> <span class='ocrx_word' id='word_1_169' title='bbox 1874 1507 1877 1509; x_wconf 50' lang='grc'><strong>“</strong></span> 
     </span>
     <span class='ocr_line' id='line_1_21' title="bbox 287 1558 1848 1617; baseline 0.001 -17"><span class='ocrx_word' id='word_1_170' title='bbox 287 1559 410 1601; x_wconf 89' lang='lat' dir='ltr'>vobis</span> <span class='ocrx_word' id='word_1_171' title='bbox 441 1558 697 1601; x_wconf 85' lang='lat' dir='ltr'>incommodi</span> <span class='ocrx_word' id='word_1_172' title='bbox 736 1558 935 1614; x_wconf 83' lang='lat' dir='ltr'>demitur3</span> <span class='ocrx_word' id='word_1_173' title='bbox 971 1574 1110 1615; x_wconf 89' lang='lat' dir='ltr'>neque</span> <span class='ocrx_word' id='word_1_174' title='bbox 1146 1574 1246 1602; x_wconf 86' lang='lat' dir='ltr'>mox</span> <span class='ocrx_word' id='word_1_175' title='bbox 1284 1560 1457 1617; x_wconf 83' lang='lat' dir='ltr'>ingenio</span> <span class='ocrx_word' id='word_1_176' title='bbox 1495 1559 1686 1615; x_wconf 88' lang='lat' dir='ltr'>corporis</span> <span class='ocrx_word' id='word_1_177' title='bbox 1721 1559 1848 1602; x_wconf 87' lang='lat' dir='ltr'>hone-</span> 
     </span>
    </p>

    <p class='ocr_par' dir='ltr' id='par_1_8' title="bbox 226 1630 1901 1757">
     <span class='ocr_line' id='line_1_22' title="bbox 226 1630 1848 1685; baseline 0 -12"><span class='ocrx_word' id='word_1_178' title='bbox 226 1644 267 1674; x_wconf 86' lang='grc'>10</span> <span class='ocrx_word' id='word_1_179' title='bbox 288 1630 396 1672; x_wconf 89' lang='lat' dir='ltr'>stius</span> <span class='ocrx_word' id='word_1_180' title='bbox 428 1645 557 1685; x_wconf 91' lang='lat' dir='ltr'>quam</span> <span class='ocrx_word' id='word_1_181' title='bbox 589 1645 668 1685; x_wconf 89' lang='lat' dir='ltr'>pro</span> <span class='ocrx_word' id='word_1_182' title='bbox 706 1633 847 1672; x_wconf 88' lang='lat' dir='ltr'>vestra</span> <span class='ocrx_word' id='word_1_183' title='bbox 879 1630 1015 1672; x_wconf 89' lang='lat' dir='ltr'>salute</span> <span class='ocrx_word' id='word_1_184' title='bbox 1052 1631 1181 1672; x_wconf 91' lang='lat' dir='ltr'>finem</span> <span class='ocrx_word' id='word_1_185' title='bbox 1212 1631 1324 1673; x_wconf 87' lang='lat' dir='ltr'>vitae</span> <span class='ocrx_word' id='word_1_186' title='bbox 1355 1631 1539 1673; x_wconf 87' lang='lat' dir='ltr'>fecerim.</span> <span class='ocrx_word' id='word_1_187' title='bbox 1599 1630 1765 1673; x_wconf 89' lang='lat' dir='ltr'>Adsum</span> <span class='ocrx_word' id='word_1_188' title='bbox 1795 1645 1848 1673; x_wconf 87' lang='lat' dir='ltr'>en</span> 
     </span>
     <span class='ocr_line' id='line_1_23' title="bbox 289 1700 1901 1757; baseline 0.002 -15"><span class='ocrx_word' id='word_1_189' title='bbox 289 1700 331 1743; x_wconf 83' lang='lat' dir='ltr'>G.</span> <span class='ocrx_word' id='word_1_190' title='bbox 371 1700 498 1743; x_wconf 82' lang='lat' dir='ltr'>Cotta</span> <span class='ocrx_word' id='word_1_191' title='bbox 542 1701 708 1743; x_wconf 84' lang='lat' dir='ltr'>consul!</span> <span class='ocrx_word' id='word_1_192' title='bbox 782 1700 909 1743; x_wconf 86' lang='lat' dir='ltr'>Facio</span> <span class='ocrx_word' id='word_1_193' title='bbox 960 1701 1073 1756; x_wconf 89' lang='lat' dir='ltr'>quod</span> <span class='ocrx_word' id='word_1_194' title='bbox 1123 1716 1250 1757; x_wconf 83' lang='lat' dir='ltr'>saepe</span> <span class='ocrx_word' id='word_1_195' title='bbox 1293 1702 1475 1744; x_wconf 88' lang='lat' dir='ltr'>maiores</span> <span class='ocrx_word' id='word_1_196' title='bbox 1518 1701 1681 1757; x_wconf 85' lang='lat' dir='ltr'>asperis</span> <span class='ocrx_word' id='word_1_197' title='bbox 1723 1701 1849 1744; x_wconf 81' lang='lat' dir='ltr'>bellis</span> <span class='ocrx_word' id='word_1_198' title='bbox 1899 1744 1901 1746; x_wconf 79' lang='grc'>,</span> 
     </span>
    </p>

    <p class='ocr_par' dir='ltr' id='par_1_9' title="bbox 224 1771 1849 1957">
     <span class='ocr_line' id='line_1_24' title="bbox 224 1771 1848 1828; baseline -0.001 -12"><span class='ocrx_word' id='word_1_199' title='bbox 224 1786 264 1816; x_wconf 83' lang='grc'>11</span> <span class='ocrx_word' id='word_1_200' title='bbox 287 1771 442 1828; x_wconf 77' lang='lat' dir='ltr'>fecere,</span> <span class='ocrx_word' id='word_1_201' title='bbox 479 1786 612 1813; x_wconf 89' lang='lat' dir='ltr'>voveo</span> <span class='ocrx_word' id='word_1_202' title='bbox 646 1772 836 1826; x_wconf 90' lang='lat' dir='ltr'>dedoque</span> <span class='ocrx_word' id='word_1_203' title='bbox 868 1787 936 1813; x_wconf 90' lang='lat' dir='ltr'>me</span> <span class='ocrx_word' id='word_1_204' title='bbox 967 1786 1046 1826; x_wconf 89' lang='lat' dir='ltr'>pro</span> <span class='ocrx_word' id='word_1_205' title='bbox 1085 1787 1129 1814; x_wconf 90' lang='lat' dir='ltr'>re</span> <span class='ocrx_word' id='word_1_206' title='bbox 1167 1773 1358 1828; x_wconf 86' lang='lat' dir='ltr'>publica!</span> <span class='ocrx_word' id='word_1_207' title='bbox 1420 1772 1556 1823; x_wconf 82' lang='lat' dir='ltr'>Quam</span> <span class='ocrx_word' id='word_1_208' title='bbox 1593 1773 1743 1815; x_wconf 88' lang='lat' dir='ltr'>deinde</span> <span class='ocrx_word' id='word_1_209' title='bbox 1779 1773 1848 1815; x_wconf 84' lang='grc'><strong>0111</strong></span> 
     </span>
     <span class='ocr_line' id='line_1_25' title="bbox 288 1842 1849 1899; baseline 0.001 -14"><span class='ocrx_word' id='word_1_210' title='bbox 288 1843 499 1885; x_wconf 80' lang='lat' dir='ltr'>mandetis</span> <span class='ocrx_word' id='word_1_211' title='bbox 531 1842 862 1898; x_wconf 79' lang='lat' dir='ltr'>circumspicite3</span> <span class='ocrx_word' id='word_1_212' title='bbox 893 1857 993 1884; x_wconf 89' lang='lat' dir='ltr'>nam</span> <span class='ocrx_word' id='word_1_213' title='bbox 1023 1843 1152 1884; x_wconf 90' lang='lat' dir='ltr'>talem</span> <span class='ocrx_word' id='word_1_214' title='bbox 1178 1843 1383 1885; x_wconf 90' lang='lat' dir='ltr'>honorem</span> <span class='ocrx_word' id='word_1_215' title='bbox 1408 1843 1548 1886; x_wconf 89' lang='lat' dir='ltr'>bonus</span> <span class='ocrx_word' id='word_1_216' title='bbox 1571 1858 1697 1886; x_wconf 87' lang='lat' dir='ltr'>nemo</span> <span class='ocrx_word' id='word_1_217' title='bbox 1722 1843 1849 1899; x_wconf 84' lang='lat' dir='ltr'>volet,</span> 
     </span>
     <span class='ocr_line' id='line_1_26' title="bbox 288 1913 1849 1957; baseline 0 -1"><span class='ocrx_word' id='word_1_218' title='bbox 288 1929 384 1956; x_wconf 91' lang='lat' dir='ltr'>cum</span> <span class='ocrx_word' id='word_1_219' title='bbox 415 1915 612 1956; x_wconf 82' lang='lat' dir='ltr'>fortunae</span> <span class='ocrx_word' id='word_1_220' title='bbox 645 1916 687 1955; x_wconf 90' lang='lat' dir='ltr'>et</span> <span class='ocrx_word' id='word_1_221' title='bbox 719 1913 848 1955; x_wconf 88' lang='lat' dir='ltr'>maris</span> <span class='ocrx_word' id='word_1_222' title='bbox 880 1916 923 1955; x_wconf 93' lang='lat' dir='ltr'>et</span> <span class='ocrx_word' id='word_1_223' title='bbox 952 1914 1054 1955; x_wconf 92' lang='lat' dir='ltr'>belli</span> <span class='ocrx_word' id='word_1_224' title='bbox 1081 1914 1134 1955; x_wconf 89' lang='lat' dir='ltr'>ab</span> <span class='ocrx_word' id='word_1_225' title='bbox 1162 1913 1257 1955; x_wconf 86' lang='lat' dir='ltr'>aliis</span> <span class='ocrx_word' id='word_1_226' title='bbox 1283 1913 1366 1955; x_wconf 88' lang='lat' dir='ltr'>acti</span> <span class='ocrx_word' id='word_1_227' title='bbox 1397 1914 1507 1956; x_wconf 91' lang='lat' dir='ltr'>ratio</span> <span class='ocrx_word' id='word_1_228' title='bbox 1539 1914 1750 1956; x_wconf 85' lang='lat' dir='ltr'>reddenda</span> <span class='ocrx_word' id='word_1_229' title='bbox 1775 1917 1849 1957; x_wconf 87' lang='lat' dir='ltr'>aut</span> 
     </span>
    </p>

    <p class='ocr_par' dir='ltr' id='par_1_10' title="bbox 226 1984 1849 2112">
     <span class='ocr_line' id='line_1_27' title="bbox 226 1984 1848 2040; baseline 0 -11"><span class='ocrx_word' id='word_1_230' title='bbox 226 1999 267 2029; x_wconf 80' lang='lat'>12</span> <span class='ocrx_word' id='word_1_231' title='bbox 288 1985 475 2040; x_wconf 88' lang='lat' dir='ltr'>turpiter</span> <span class='ocrx_word' id='word_1_232' title='bbox 506 1984 772 2027; x_wconf 89' lang='lat' dir='ltr'>moriendum</span> <span class='ocrx_word' id='word_1_233' title='bbox 804 1984 871 2026; x_wconf 89' lang='lat' dir='ltr'>sit.</span> <span class='ocrx_word' id='word_1_234' title='bbox 922 1985 1107 2027; x_wconf 85' lang='lat' dir='ltr'>Tantum</span> <span class='ocrx_word' id='word_1_235' title='bbox 1132 1985 1258 2027; x_wconf 92' lang='lat' dir='ltr'>modo</span> <span class='ocrx_word' id='word_1_236' title='bbox 1284 1985 1328 2027; x_wconf 91' lang='lat' dir='ltr'>in</span> <span class='ocrx_word' id='word_1_237' title='bbox 1355 1985 1508 2027; x_wconf 87' lang='lat' dir='ltr'>animis</span> <span class='ocrx_word' id='word_1_238' title='bbox 1533 1984 1738 2029; x_wconf 85' lang='lat' dir='ltr'>habetote</span> <span class='ocrx_word' id='word_1_239' title='bbox 1761 2000 1848 2028; x_wconf 88' lang='lat' dir='ltr'>non</span> 
     </span>
     <span class='ocr_line' id='line_1_28' title="bbox 289 2055 1849 2112; baseline 0.001 -14"><span class='ocrx_word' id='word_1_240' title='bbox 289 2072 356 2098; x_wconf 91' lang='lat' dir='ltr'>me</span> <span class='ocrx_word' id='word_1_241' title='bbox 389 2057 444 2098; x_wconf 91' lang='lat' dir='ltr'>ob</span> <span class='ocrx_word' id='word_1_242' title='bbox 479 2056 615 2098; x_wconf 90' lang='lat' dir='ltr'>scelus</span> <span class='ocrx_word' id='word_1_243' title='bbox 647 2059 721 2097; x_wconf 90' lang='lat' dir='ltr'>aut</span> <span class='ocrx_word' id='word_1_244' title='bbox 746 2055 969 2098; x_wconf 87' lang='lat' dir='ltr'>avaritiam</span> <span class='ocrx_word' id='word_1_245' title='bbox 994 2071 1175 2112; x_wconf 83' lang='lat' dir='ltr'>caesum,</span> <span class='ocrx_word' id='word_1_246' title='bbox 1207 2056 1281 2098; x_wconf 90' lang='lat' dir='ltr'>sed</span> <span class='ocrx_word' id='word_1_247' title='bbox 1306 2056 1520 2099; x_wconf 90' lang='lat' dir='ltr'>volentem</span> <span class='ocrx_word' id='word_1_248' title='bbox 1545 2070 1625 2112; x_wconf 88' lang='lat' dir='ltr'>pro</span> <span class='ocrx_word' id='word_1_249' title='bbox 1651 2056 1849 2099; x_wconf 79' lang='lat' dir='ltr'>maximis</span> 
     </span>
    </p>

    <p class='ocr_par' dir='ltr' id='par_1_11' title="bbox 227 2126 1849 2184">
     <span class='ocr_line' id='line_1_29' title="bbox 227 2126 1849 2184; baseline -0.001 -14"><span class='ocrx_word' id='word_1_250' title='bbox 227 2141 267 2171; x_wconf 77' lang='lat'>13</span> <span class='ocrx_word' id='word_1_251' title='bbox 290 2127 509 2170; x_wconf 90' lang='lat' dir='ltr'>beneficiis</span> <span class='ocrx_word' id='word_1_252' title='bbox 541 2127 725 2168; x_wconf 88' lang='lat' dir='ltr'>animam</span> <span class='ocrx_word' id='word_1_253' title='bbox 758 2127 868 2169; x_wconf 92' lang='lat' dir='ltr'>dono</span> <span class='ocrx_word' id='word_1_254' title='bbox 901 2127 1076 2168; x_wconf 88' lang='lat' dir='ltr'>dedisse.</span> <span class='ocrx_word' id='word_1_255' title='bbox 1137 2127 1220 2169; x_wconf 89' lang='lat' dir='ltr'>Per</span> <span class='ocrx_word' id='word_1_256' title='bbox 1251 2141 1338 2182; x_wconf 85' lang='lat' dir='ltr'>vos,</span> <span class='ocrx_word' id='word_1_257' title='bbox 1370 2126 1568 2183; x_wconf 82' lang='lat' dir='ltr'>Quirites,</span> <span class='ocrx_word' id='word_1_258' title='bbox 1599 2130 1643 2169; x_wconf 87' lang='lat' dir='ltr'>et</span> <span class='ocrx_word' id='word_1_259' title='bbox 1667 2127 1849 2184; x_wconf 81' lang='lat' dir='ltr'>gloriam</span> 
     </span>
    </p>

    <p class='ocr_par' dir='ltr' id='par_1_12' title="bbox 227 2197 1850 2467">
     <span class='ocr_line' id='line_1_30' title="bbox 227 2197 1850 2253; baseline -0.001 -12"><span class='ocrx_word' id='word_1_260' title='bbox 227 2212 268 2241; x_wconf 84' lang='lat'>14</span> <span class='ocrx_word' id='word_1_261' title='bbox 289 2199 514 2253; x_wconf 79' lang='lat' dir='ltr'>maiorum,</span> <span class='ocrx_word' id='word_1_262' title='bbox 559 2198 738 2239; x_wconf 88' lang='lat' dir='ltr'>tolerate</span> <span class='ocrx_word' id='word_1_263' title='bbox 783 2198 956 2239; x_wconf 87' lang='lat' dir='ltr'>adversa</span> <span class='ocrx_word' id='word_1_264' title='bbox 1000 2201 1042 2239; x_wconf 92' lang='lat' dir='ltr'>et</span> <span class='ocrx_word' id='word_1_265' title='bbox 1086 2198 1294 2240; x_wconf 90' lang='lat' dir='ltr'>consulite</span> <span class='ocrx_word' id='word_1_266' title='bbox 1338 2198 1399 2239; x_wconf 90' lang='lat' dir='ltr'>rei</span> <span class='ocrx_word' id='word_1_267' title='bbox 1437 2197 1652 2253; x_wconf 90' lang='lat' dir='ltr'>publicae!</span> <span class='ocrx_word' id='word_1_268' title='bbox 1712 2197 1850 2240; x_wconf 76' lang='lat' dir='ltr'>Multa</span> 
     </span>
     <span class='ocr_line' id='line_1_31' title="bbox 290 2268 1850 2325; baseline 0.001 -14"><span class='ocrx_word' id='word_1_269' title='bbox 290 2285 389 2311; x_wconf 87' lang='lat' dir='ltr'>cura</span> <span class='ocrx_word' id='word_1_270' title='bbox 421 2284 587 2310; x_wconf 90' lang='lat' dir='ltr'>summo</span> <span class='ocrx_word' id='word_1_271' title='bbox 620 2268 801 2323; x_wconf 87' lang='lat' dir='ltr'>imperio</span> <span class='ocrx_word' id='word_1_272' title='bbox 834 2268 957 2325; x_wconf 79' lang='lat' dir='ltr'>inest,</span> <span class='ocrx_word' id='word_1_273' title='bbox 989 2269 1114 2310; x_wconf 90' lang='lat' dir='ltr'>multi</span> <span class='ocrx_word' id='word_1_274' title='bbox 1140 2269 1335 2325; x_wconf 84' lang='lat' dir='ltr'>ingentes</span> <span class='ocrx_word' id='word_1_275' title='bbox 1360 2269 1541 2325; x_wconf 84' lang='lat' dir='ltr'>labores,</span> <span class='ocrx_word' id='word_1_276' title='bbox 1573 2283 1680 2324; x_wconf 89' lang='lat' dir='ltr'>quos</span> <span class='ocrx_word' id='word_1_277' title='bbox 1704 2269 1850 2324; x_wconf 87' lang='lat' dir='ltr'>nequi-</span> 
     </span>
     <span class='ocr_line' id='line_1_32' title="bbox 291 2339 1849 2399; baseline 0 -17"><span class='ocrx_word' id='word_1_278' title='bbox 291 2356 418 2395; x_wconf 87' lang='lat' dir='ltr'>quam</span> <span class='ocrx_word' id='word_1_279' title='bbox 450 2339 640 2381; x_wconf 88' lang='lat' dir='ltr'>abnuitis</span> <span class='ocrx_word' id='word_1_280' title='bbox 672 2343 714 2381; x_wconf 92' lang='lat' dir='ltr'>et</span> <span class='ocrx_word' id='word_1_281' title='bbox 747 2339 863 2394; x_wconf 88' lang='lat' dir='ltr'>pacis</span> <span class='ocrx_word' id='word_1_282' title='bbox 895 2340 1159 2394; x_wconf 89' lang='lat' dir='ltr'>opulentiam</span> <span class='ocrx_word' id='word_1_283' title='bbox 1193 2340 1415 2397; x_wconf 84' lang='lat' dir='ltr'>quaeritis,</span> <span class='ocrx_word' id='word_1_284' title='bbox 1447 2355 1543 2382; x_wconf 91' lang='lat' dir='ltr'>cum</span> <span class='ocrx_word' id='word_1_285' title='bbox 1575 2354 1722 2399; x_wconf 74' lang='lat' dir='ltr'>omnes</span> <span class='ocrx_word' id='word_1_286' title='bbox 1753 2355 1849 2396; x_wconf 89' lang='lat' dir='ltr'>pro—</span> 
     </span>
     <span class='ocr_line' id='line_1_33' title="bbox 289 2410 1771 2467; baseline 0 -15"><span class='ocrx_word' id='word_1_287' title='bbox 289 2411 464 2466; x_wconf 81' lang='lat' dir='ltr'>vinciae,</span> <span class='ocrx_word' id='word_1_288' title='bbox 495 2425 639 2467; x_wconf 81' lang='lat' dir='ltr'>regna,</span> <span class='ocrx_word' id='word_1_289' title='bbox 671 2410 804 2452; x_wconf 90' lang='lat' dir='ltr'>maria</span> <span class='ocrx_word' id='word_1_290' title='bbox 835 2413 1059 2465; x_wconf 88' lang='lat' dir='ltr'>terraeque</span> <span class='ocrx_word' id='word_1_291' title='bbox 1090 2425 1238 2466; x_wconf 90' lang='lat' dir='ltr'>aspera</span> <span class='ocrx_word' id='word_1_292' title='bbox 1269 2413 1343 2453; x_wconf 86' lang='lat' dir='ltr'>aut</span> <span class='ocrx_word' id='word_1_293' title='bbox 1374 2411 1486 2453; x_wconf 85' lang='lat' dir='ltr'>fessa</span> <span class='ocrx_word' id='word_1_294' title='bbox 1517 2410 1643 2452; x_wconf 88' lang='lat' dir='ltr'>bellis</span> <span class='ocrx_word' id='word_1_295' title='bbox 1674 2410 1771 2453; x_wconf 88' lang='lat' dir='ltr'>sint.</span> 
     </span>
    </p>
   </div>
   <div class='ocr_carea' id='block_1_4' title="bbox 289 2504 1850 2787">
    <p class='ocr_par' dir='ltr' id='par_1_13' title="bbox 410 2504 980 2549">
     <span class='ocr_line' id='line_1_34' title="bbox 410 2504 980 2549; baseline 0.002 -11"><span class='ocrx_word' id='word_1_296' title='bbox 410 2507 440 2539; x_wconf 82' lang='lat'>7.</span> <span class='ocrx_word' id='word_1_297' title='bbox 468 2504 698 2549; x_wconf 86' lang='lat' dir='ltr'>sumptuum]</span> <span class='ocrx_word' id='word_1_298' title='bbox 725 2504 915 2548; x_wconf 88' lang='lat' dir='ltr'>sumptum</span> <span class='ocrx_word' id='word_1_299' title='bbox 942 2504 980 2539; x_wconf 91' lang='lat' dir='ltr'>V.</span> 
     </span>
    </p>

    <p class='ocr_par' dir='ltr' id='par_1_14' title="bbox 289 2549 1850 2691">
     <span class='ocr_line' id='line_1_35' title="bbox 409 2549 1849 2596; baseline 0 -11"><span class='ocrx_word' id='word_1_300' title='bbox 409 2554 440 2586; x_wconf 85' lang='lat'>9.</span> <span class='ocrx_word' id='word_1_301' title='bbox 466 2550 618 2596; x_wconf 89' lang='lat' dir='ltr'>ingenio</span> <span class='ocrx_word' id='word_1_302' title='bbox 645 2550 825 2596; x_wconf 83' lang='lat' dir='ltr'>corporis]</span> <span class='ocrx_word' id='word_1_303' title='bbox 857 2550 1019 2595; x_wconf 81' lang='lat' dir='ltr'>ingenuo</span> <span class='ocrx_word' id='word_1_304' title='bbox 1052 2550 1197 2596; x_wconf 90' lang='lat' dir='ltr'>corpori</span> <span class='ocrx_word' id='word_1_305' title='bbox 1222 2551 1313 2587; x_wconf 80' lang='lat' dir='ltr'>com&#39;.</span> <span class='ocrx_word' id='word_1_306' title='bbox 1335 2551 1470 2594; x_wconf 76' lang='lat' dir='ltr'>Aldus,</span> <span class='ocrx_word' id='word_1_307' title='bbox 1501 2549 1655 2596; x_wconf 82' lang='lat' dir='ltr'>ingenui</span> <span class='ocrx_word' id='word_1_308' title='bbox 1685 2550 1849 2596; x_wconf 86' lang='lat' dir='ltr'>corporis</span> 
     </span>
     <span class='ocr_line' id='line_1_36' title="bbox 292 2597 1850 2643; baseline -0.001 -8"><span class='ocrx_word' id='word_1_309' title='bbox 292 2599 404 2642; x_wconf 79' lang='lat' dir='ltr'>Corte,</span> <span class='ocrx_word' id='word_1_310' title='bbox 436 2598 476 2632; x_wconf 88' lang='lat' dir='ltr'>in</span> <span class='ocrx_word' id='word_1_311' title='bbox 502 2597 604 2633; x_wconf 88' lang='lat' dir='ltr'>senio</span> <span class='ocrx_word' id='word_1_312' title='bbox 631 2597 795 2643; x_wconf 81' lang='lat' dir='ltr'>corporis</span> <span class='ocrx_word' id='word_1_313' title='bbox 821 2603 930 2634; x_wconf 73' lang='lat' dir='ltr'>antea</span> <span class='ocrx_word' id='word_1_314' title='bbox 958 2598 1080 2643; x_wconf 73' lang='lat' dir='ltr'>Orelli,</span> <span class='ocrx_word' id='word_1_315' title='bbox 1107 2598 1209 2634; x_wconf 82' lang='lat' dir='ltr'>senio</span> <span class='ocrx_word' id='word_1_316' title='bbox 1236 2599 1401 2642; x_wconf 66' lang='lat' dir='ltr'>Dietseh,</span> <span class='ocrx_word' id='word_1_317' title='bbox 1430 2598 1586 2643; x_wconf 90' lang='lat' dir='ltr'>imperio</span> <span class='ocrx_word' id='word_1_318' title='bbox 1611 2599 1706 2634; x_wconf 80' lang='lat' dir='ltr'>idem</span> <span class='ocrx_word' id='word_1_319' title='bbox 1729 2603 1850 2642; x_wconf 75' lang='lat' dir='ltr'>antea,</span> 
     </span>
     <span class='ocr_line' id='line_1_37' title="bbox 289 2645 1354 2691; baseline 0.001 -10"><span class='ocrx_word' id='word_1_320' title='bbox 289 2648 350 2681; x_wconf 75' lang='lat' dir='ltr'>sed</span> <span class='ocrx_word' id='word_1_321' title='bbox 375 2647 505 2691; x_wconf 78' lang='lat' dir='ltr'>optime</span> <span class='ocrx_word' id='word_1_322' title='bbox 530 2645 682 2691; x_wconf 89' lang='lat' dir='ltr'>ingenio</span> <span class='ocrx_word' id='word_1_323' title='bbox 707 2646 832 2681; x_wconf 78' lang='lat' dir='ltr'>allatis</span> <span class='ocrx_word' id='word_1_324' title='bbox 857 2646 1026 2691; x_wconf 74' lang='lat' dir='ltr'>eoeemplis</span> <span class='ocrx_word' id='word_1_325' title='bbox 1051 2647 1211 2691; x_wconf 74' lang='lat' dir='ltr'>defendit</span> <span class='ocrx_word' id='word_1_326' title='bbox 1236 2647 1354 2682; x_wconf 72' lang='lat' dir='ltr'>Kritz.</span> 
     </span>
    </p>

    <p class='ocr_par' dir='ltr' id='par_1_15' title="bbox 410 2692 1593 2740">
     <span class='ocr_line' id='line_1_38' title="bbox 410 2692 1593 2740; baseline 0 -12"><span class='ocrx_word' id='word_1_327' title='bbox 410 2697 464 2728; x_wconf 80' lang='lat'>12.</span> <span class='ocrx_word' id='word_1_328' title='bbox 491 2692 695 2739; x_wconf 87' lang='lat' dir='ltr'>volentem]</span> <span class='ocrx_word' id='word_1_329' title='bbox 720 2692 870 2728; x_wconf 84' lang='lat' dir='ltr'>volente</span> <span class='ocrx_word' id='word_1_330' title='bbox 898 2693 936 2728; x_wconf 93' lang='lat' dir='ltr'>V.</span> <span class='ocrx_word' id='word_1_331' title='bbox 965 2714 1007 2718; x_wconf 90' lang='lat'><strong>—</strong></span> <span class='ocrx_word' id='word_1_332' title='bbox 1035 2695 1073 2728; x_wconf 93' lang='lat' dir='ltr'>et</span> <span class='ocrx_word' id='word_1_333' title='bbox 1097 2693 1217 2740; x_wconf 88' lang='lat' dir='ltr'>pacis]</span> <span class='ocrx_word' id='word_1_334' title='bbox 1244 2693 1309 2729; x_wconf 90' lang='lat' dir='ltr'>sed</span> <span class='ocrx_word' id='word_1_335' title='bbox 1334 2693 1425 2728; x_wconf 75' lang='lat' dir='ltr'>coni.</span> <span class='ocrx_word' id='word_1_336' title='bbox 1446 2693 1593 2729; x_wconf 79' lang='lat' dir='ltr'>Linker.</span> 
     </span>
    </p>

    <p class='ocr_par' dir='ltr' id='par_1_16' title="bbox 411 2740 918 2787">
     <span class='ocr_line' id='line_1_39' title="bbox 411 2740 918 2787; baseline 0 -12"><span class='ocrx_word' id='word_1_337' title='bbox 411 2744 464 2776; x_wconf 88' lang='lat'>13.</span> <span class='ocrx_word' id='word_1_338' title='bbox 493 2740 666 2787; x_wconf 84' lang='lat' dir='ltr'>adversa]</span> <span class='ocrx_word' id='word_1_339' title='bbox 693 2740 852 2775; x_wconf 87' lang='lat' dir='ltr'>advorsa</span> <span class='ocrx_word' id='word_1_340' title='bbox 879 2740 918 2775; x_wconf 90' lang='lat' dir='ltr'>V.</span> 
     </span>
    </p>
   </div>
   <div class='ocr_carea' id='block_1_5' title="bbox 409 2824 1849 2880">
    <p class='ocr_par' dir='ltr' id='par_1_17' title="bbox 409 2824 1849 2880">
     <span class='ocr_line' id='line_1_40' title="bbox 409 2824 1849 2880; baseline 0 -13"><span class='ocrx_word' id='word_1_341' title='bbox 409 2824 486 2869; x_wconf 83' lang='lat'>48.</span> <span class='ocrx_word' id='word_1_342' title='bbox 501 2824 620 2867; x_wconf 83' lang='lat' dir='ltr'>Cum</span> <span class='ocrx_word' id='word_1_343' title='bbox 640 2825 800 2867; x_wconf 89' lang='lat' dir='ltr'>multa</span> <span class='ocrx_word' id='word_1_344' title='bbox 819 2824 1098 2867; x_wconf 90' lang='lat' dir='ltr'>dissereret</span> <span class='ocrx_word' id='word_1_345' title='bbox 1116 2825 1250 2867; x_wconf 91' lang='lat' dir='ltr'>ludis</span> <span class='ocrx_word' id='word_1_346' title='bbox 1263 2825 1497 2880; x_wconf 90' lang='lat' dir='ltr'>Apollini</span> <span class='ocrx_word' id='word_1_347' title='bbox 1519 2824 1849 2867; x_wconf 89' lang='lat' dir='ltr'>circensibus.</span> 
     </span>
    </p>
   </div>
   <div class='ocr_carea' id='block_1_6' title="bbox 409 2893 1371 2963">
    <p class='ocr_par' dir='ltr' id='par_1_18' title="bbox 409 2893 1371 2963">
     <span class='ocr_line' id='line_1_41' title="bbox 409 2893 1371 2963; baseline 0 -10"><span class='ocrx_word' id='word_1_348' title='bbox 409 2893 514 2963; x_wconf 63' lang='lat' dir='ltr'>App.</span> <span class='ocrx_word' id='word_1_349' title='bbox 566 2918 613 2963; x_wconf 83' lang='grc' dir='ltr'>(Π</span> <span class='ocrx_word' id='word_1_350' title='bbox 632 2922 677 2953; x_wconf 86' lang='lat'>90</span> <span class='ocrx_word' id='word_1_351' title='bbox 690 2918 734 2963; x_wconf 88' lang='lat' dir='ltr'>D,</span> <span class='ocrx_word' id='word_1_352' title='bbox 762 2921 805 2952; x_wconf 86' lang='lat'>89</span> <span class='ocrx_word' id='word_1_353' title='bbox 819 2917 863 2962; x_wconf 87' lang='lat' dir='ltr'>K,</span> <span class='ocrx_word' id='word_1_354' title='bbox 890 2921 933 2952; x_wconf 85' lang='lat'>81</span> <span class='ocrx_word' id='word_1_355' title='bbox 950 2917 1006 2962; x_wconf 81' lang='lat' dir='ltr'>G.)</span> <span class='ocrx_word' id='word_1_356' title='bbox 1033 2938 1076 2943; x_wconf 84' lang='lat'>—</span> <span class='ocrx_word' id='word_1_357' title='bbox 1104 2918 1209 2954; x_wconf 69' lang='lat' dir='ltr'>Aras,</span> <span class='ocrx_word' id='word_1_358' title='bbox 1236 2930 1271 2963; x_wconf 86' lang='lat' dir='ltr'>p.</span> <span class='ocrx_word' id='word_1_359' title='bbox 1291 2921 1371 2953; x_wconf 86' lang='lat'>490.</span> 
     </span>
    </p>
   </div>
  </div>
 </body>
</html>
