1976 3190
286 192 342 234 22
784 191 940 227 Sallusti
964 192 1215 228 Historiarum
1240 193 1305 228 lib.
1324 193 1350 228 Ι.

287 300 605 342 multitudinem
637 314 745 354 quae
783 299 881 342 odio
912 315 1054 342 rerum
1085 299 1356 343 Sullanarum
1387 315 1431 342 se
1463 300 1614 356 Lepidi
1645 299 1844 356 partibus

287 371 546 425 applicarat’
591 370 759 425 iamque
798 370 1001 428 (Florus
1032 371 1074 414 II
1113 370 1182 430 11)
1227 373 1370 414 ‘arma
1412 373 1507 414 inde
1548 376 1587 414 et
1627 373 1844 417 exercitam

286 443 379 483 urbi
398 441 660 492 admovebaff,
686 443 872 483 attamen
898 457 998 484 mox
1019 440 1179 499 (Gran.
1199 443 1297 486 Lic.
1317 442 1343 485 l.
1364 440 1411 499 1.)
1442 441 1603 484 ‘omisit
1621 441 1783 485 incerta
1801 445 1846 486 et

286 512 498 568 <legat>is
519 515 693 554 senatus
715 512 924 555 concessit
943 527 1030 556 exc·
1161 513 1275 568 App.
1302 513 1328 555 l.
1354 513 1401 555 l.:
1433 514 1563 569 ἄμφω
1594 510 1675 568 μὲν
1705 509 1788 556 οὖν
1816 513 1844 569 ἡ

287 584 536 626 erationibus
554 584 761 636 maximis,
786 583 905 626 nulla
926 584 1031 626 ultro
1104 585 1239 639 βουλὴ
1290 585 1470 627 δείσασα
1526 584 1732 640 ὥρκωσε
1779 583 1845 640 μὴ

288 668 410 696 arma
439 668 595 697 movere
625 653 847 708 umquam'.
1103 659 1198 698 πολ
1210 653 1307 713 ε’μῳ
1340 656 1698 710 διακριθῆναι.

406 725 518 767 Dein
555 725 600 767 in
640 724 905 780 provinciam
945 727 1127 780 uterque
1164 725 1527 781 proficiscebatur.
1588 723 1715 767 Brevi
1745 739 1846 768 vero

219 796 274 837 68
290 799 390 850 post
413 796 602 851 Lepidus
634 796 801 838 abiecto
834 795 952 850 pacis
978 795 1155 838 consilio
1182 796 1256 854 (fr.
1278 795 1354 854 68)
1382 795 1718 839 coniurationem
1743 794 1847 838 sedi-

288 866 534 922 tionemque
575 882 726 922 parare
764 866 972 922 perrexit3
1013 865 1083 909 ἐπὶ
1123 868 1174 909 τὰ
1213 867 1468 924 ἀρχαιρέσια
1506 866 1560 909 οὐ
1597 863 1747 924 κατῄει
1789 866 1849 918 ὡς

288 939 549 993 πολεμήσων
580 947 672 989 τοῖς
703 940 937 987 Συλλείοις
967 944 1046 980 τοῦ
1079 937 1277 988 ἐπιόντος
1309 940 1434 989 ἔτους
1464 935 1574 994 ὑπὲρ
1605 938 1684 981 τὸν
1714 937 1848 993 ὅρκον

291 1008 446 1059 ἀδεῶς·
480 1008 665 1052 ἐδόκουν
696 1009 779 1064 γὰρ
813 1008 855 1058 ἐς
886 1009 934 1051 τὸ
966 1014 1044 1063 τῆς
1075 1008 1210 1065 ἀρχῆς
1242 1011 1337 1060 ἔτος
1368 1009 1615 1067 ὡρκῶσθαι.
1659 1008 1714 1052 οὐ
1744 1012 1848 1052 λαν-

132 1082 200 1136 69,
222 1081 276 1123 70
291 1080 446 1122 θάνων
490 1076 530 1121 δ’
573 1078 642 1135 ἐφ’
686 1074 753 1130 οἷς
797 1079 1031 1134 ἐβούλευεν
1069 1077 1144 1136 (fr.
1171 1080 1240 1135 69,
1268 1077 1365 1136 70),
1409 1079 1602 1122 ἐκαλεῖτο
1642 1080 1728 1123 ὑπὸ
1770 1085 1849 1135 τῆς

134 1154 201 1207 71,
222 1153 276 1193 72
291 1153 467 1205 βουλῆς,
492 1149 564 1192 καὶ
590 1148 712 1193 οὐδὲ
732 1150 886 1200 αὐτὸς
912 1149 1117 1204 ἀγνοῶν
1144 1149 1205 1206 ἐφ
1226 1144 1304 1201 οἷς
1324 1149 1559 1193 ἐκαλεῖτο
1580 1147 1655 1207 (fr.
1677 1151 1744 1207 71,
1759 1148 1850 1208 72),

290 1220 357 1276 ᾔει
389 1221 494 1276 μετὰ
526 1227 605 1263 τοῦ
636 1226 824 1276 στρατοῦ
855 1222 1019 1271 παντὸς
1057 1221 1115 1271 ὡς
1153 1220 1198 1271 ἐς
1228 1221 1308 1275 τὴν
1344 1222 1475 1264 πόλιν
1514 1219 1850 1277 ἐσελευσόμενος

292 1293 374 1334 σὺν
401 1291 537 1349 αὐτῷ;
570 1291 697 1333 simul
722 1307 746 1332 a
772 1294 923 1333 senatu
947 1291 1196 1348 postulavit,
1228 1294 1276 1333 ut
1301 1291 1556 1347 proscriptis
1579 1291 1730 1334 civitas
1754 1306 1850 1334 con-

290 1363 533 1404 firmaretur
570 1363 770 1417 bonaque
809 1362 1101 1418 redderentur,
1146 1364 1194 1404 ut
1233 1362 1465 1404 tribunicia
1501 1364 1694 1418 potestas
1730 1361 1851 1404 resti-

222 1437 276 1478 73
291 1436 485 1475 tueretur
517 1431 591 1489 (fr.
621 1432 694 1487 73)
735 1432 903 1487 sibique
941 1432 1026 1488 ipsi
1066 1432 1247 1474 alterum
1284 1432 1413 1488 petiit
1451 1433 1730 1476 consulatum.
1790 1433 1851 1475 Et

292 1507 411 1547 erant
447 1504 621 1559 Romae,
661 1503 750 1559 ‘qui
790 1504 940 1546 turbas
982 1506 1024 1545 et
1057 1503 1228 1545 caedem
1270 1503 1425 1546 civium
1463 1503 1618 1546 odisse'
1659 1519 1703 1547 se
1740 1504 1850 1547 affir—

291 1578 456 1618 mantes
483 1573 620 1632 (Sall.
646 1575 701 1617 fr.
730 1576 798 1630 77,
827 1573 900 1632 18)
933 1575 1003 1616 ead
1028 1577 1295 1630 postremum
1321 1590 1456 1630 usque
1481 1575 1660 1632 legatos,
1690 1590 1852 1633 pacem,

291 1645 559 1688 concordiam
598 1648 641 1688 et
677 1645 761 1687 alia
798 1645 1092 1688 huiuscemodi
1130 1645 1422 1688 decreverunt'
1459 1644 1542 1703 (ib.
1567 1646 1626 1704 5).
1693 1645 1852 1690 contra

291 1717 484 1759 acerrimi
529 1717 805 1772 optimatium
849 1717 992 1773 duces,
1035 1716 1208 1772 Appius
1252 1716 1474 1774 Claudius,
1521 1717 1567 1759 L.
1609 1717 1852 1773 Philippus,

292 1788 338 1838 Q.
367 1787 555 1845 Catulus,
581 1788 665 1845 alii,
690 1788 860 1831 hostem
885 1788 1050 1844 patriae
1076 1788 1288 1844 Lepidum
1313 1788 1612 1830 declarandum
1636 1787 1851 1843 armisque

225 1863 280 1904 74
295 1859 591 1914 depellendum
623 1874 714 1901 esse
746 1861 1002 1901 censuerunt
1028 1857 1103 1916 (ir.
1132 1857 1227 1916 74),
1258 1862 1302 1901 et
1326 1859 1570 1916 Philippus,
1601 1858 1675 1915 qui
1705 1873 1852 1901 eorum

224 1932 280 1975 75
294 1930 495 1985 princeps
526 1932 620 1972 tum
652 1930 798 1972 extitit
830 1928 907 1988 (fr.
937 1930 1031 1987 75),
1071 1929 1312 1972 vehementi
1343 1930 1388 1971 in
1418 1929 1629 1985 Lepidum
1660 1929 1851 1972 oratione

135 2005 202 2059 76,
225 2005 277 2046 77
293 2001 486 2043 invectus
519 1999 587 2058 (fr.
617 2002 683 2056 76,
712 1999 785 2058 77)
818 2001 984 2042 senatui
1011 2000 1431 2043 animadvertendum
1456 2015 1548 2043 esse
1573 2001 1618 2042 in
1642 2000 1852 2056 Lepidum

225 2075 278 2117 78
294 2072 517 2127 persuasit.
567 2071 756 2127 Lepidus
781 2087 938 2128 magno
965 2087 1061 2114 cum
1087 2071 1277 2114 exercitu
1302 2072 1454 2114 urbem
1479 2071 1653 2114 adortus
1678 2069 1754 2129 (fr.
1775 2070 1851 2129 78)

294 2158 430 2198 prope
461 2158 659 2198 campum
684 2142 889 2185 Martium
914 2142 1236 2198 Ianiculumque
1261 2143 1459 2198 repulsus
1484 2145 1560 2185 est.
1610 2142 1726 2194 Quae
1751 2142 1852 2185 dum

294 2217 499 2270 aguntur,
551 2214 622 2256 Cn.
660 2214 893 2269 Pompeius
938 2213 1182 2269 Scipionem
1221 2213 1374 2268 Lepidi
1417 2213 1555 2256 filium
1599 2228 1695 2256 cum
1737 2212 1853 2256 Alba

294 2285 454 2340 oppido
500 2285 615 2340 cepit
655 2287 783 2340 atque
828 2285 1001 2341 occidit,
1045 2284 1143 2326 dein
1179 2282 1413 2342 Brutum*)
1451 2284 1643 2327 Mutinae
1684 2283 1853 2327 obsedit

226 2359 280 2400 79
296 2354 370 2412 (fr.
399 2353 490 2412 70)3
523 2356 595 2410 qui
622 2371 718 2398 cum
750 2372 774 2397 a
798 2355 1012 2398 militibus
1043 2356 1235 2397 desertus
1261 2357 1371 2397 esset
1397 2353 1544 2412 (Plut.
1570 2355 1738 2410 Pomp.
1766 2353 1854 2411 16),

295 2429 447 2482 captus
467 2429 595 2482 atque
620 2426 871 2468 interfectus
897 2429 972 2469 est.
1024 2426 1116 2477 Quo
1141 2426 1293 2468 nuntio
1312 2426 1492 2468 Romam
1518 2425 1647 2467 allato
1666 2424 1854 2480 Lepidus

225 2501 281 2542 80
296 2498 452 2540 omissa
483 2498 589 2539 urbe
622 2497 666 2538 in
691 2497 909 2539 Etruriam
942 2512 1070 2552 quam
1101 2497 1318 2539 celerrime
1343 2496 1518 2539 recessit
1543 2494 1617 2554 (fr.
1645 2494 1734 2553 80),
1759 2495 1854 2542 fsed

295 2568 527 2623 Pompeius
565 2566 741 2625 (Exup.
774 2584 815 2623 p.
843 2566 889 2625 3)
928 2568 978 2610 de
1011 2568 1149 2610 Gallia
1183 2568 1349 2610 rediens
1509 2566 1724 2624 fugientes
1761 2567 1852 2609 eius

227 2644 278 2684 81
297 2640 442 2695 copias
473 2655 521 2682 ac
551 2654 593 2682 se
622 2639 878 2694 implicantes
906 2640 1170 2693 festinatione
1200 2638 1439 2681 formidinis
1470 2636 1545 2695 (fr.
1572 2636 1648 2695 81)
1674 2637 1735 2679 ita
1759 2653 1852 2693 pro-

227 2714 282 2755 82
298 2711 470 2753 stravit’
504 2737 558 2741 —
592 2711 644 2753 ad
683 2710 834 2753 Cosam
872 2709 1034 2752 scilicet
1071 2708 1146 2767 (fr.
1179 2708 1254 2767 82)
1287 2735 1341 2740 -—
1375 2709 1444 2751 ‘ut
1480 2708 1640 2751 maiore
1675 2723 1853 2750 numero

420 2840 450 2885 ³³³)
477 2840 587 2874 Falso
619 2838 830 2884 nuperrime
855 2838 880 2873 I.
913 2837 1117 2872 Frankium
1148 2838 1271 2873 annal.
1303 2836 1433 2883 philol.
1460 2840 1550 2871 1892
1575 2849 1611 2882 p.
1633 2840 1677 2871 62
1707 2836 1855 2872 inverso
1921 2873 1924 2877 ,

303 2887 432 2922 ordine
452 2887 612 2932 primum
631 2886 749 2931 Bruti,
777 2885 864 2921 dein
884 2884 1067 2931 Scipionis
1088 2885 1233 2920 cladem
1251 2884 1441 2920 rettulisse
1461 2895 1506 2919 ex
1525 2883 1647 2920 Orosii
1666 2883 1713 2929 (V
1726 2887 1782 2929 22,
1797 2885 1855 2929 17)

300 2936 412 2980 atque
437 2934 630 2970 Plutarchi
656 2934 795 2980 (Pomp.
823 2945 852 2969 c.
875 2935 931 2979 16)
957 2932 1172 2969 narratione
1197 2932 1373 2978 sequitur.
