2034 3184
348 171 438 214 252

397 280 471 313 tem
497 278 530 312 ΙΙ
551 282 612 322 21;

396 325 626 369 emptoribus
670 326 854 361 bonorum
901 327 1096 364 remiserat

395 372 445 406 IV
467 375 503 416 1;
542 372 685 408 *oratio
717 374 851 418 Lepidi
881 375 922 410 in
953 374 1095 411 Sullam

396 420 410 453 I
432 422 487 463 55,
514 431 586 465 qua
610 422 754 456 nomine
780 422 955 458 laudatur
972 423 999 470 5
1011 426 1043 459 1.
1061 426 1093 459 7..

396 470 452 501 16.
463 470 530 510 19,·
545 467 671 503 Sullae
684 467 978 505 dominationem
988 470 1093 514 queri

394 525 468 548 non
501 515 666 550 audebat
694 516 855 561 (Caesar)
880 517 897 551 I
923 521 984 561 57;
1012 517 1092 552 Sul-

395 561 471 595 lam
491 561 715 597 dictatorem
733 563 798 597 uni
819 563 891 598 sibi
911 566 969 609 (sc.
989 565 1094 600 Pom-

391 610 486 653 peio)
515 609 737 645 descendere
764 622 858 655 equo
884 613 952 647 etc.
979 612 1012 647 V
1032 616 1094 656 203

396 657 505 701 [mm-s
521 657 596 692 eius
611 659 843 705 10.2()-21];
870 658 974 694 Sulla
999 671 1093 695 mor-

393 704 475 748 tuo,
520 703 585 748 qui
629 705 827 740 scelestum
864 705 1094 752 imposuerat

394 750 588 786 servitium
598 751 649 786 III
659 756 762 797 48,9;
783 753 854 788 hoc
868 765 890 788 a
905 754 1009 789 Sulla
1027 766 1093 799 pa—

392 800 515 832 ratum
541 798 735 834 servitium
759 800 810 835 III
833 805 889 846 48,
912 806 948 845 1;
975 802 1091 846 (Fim-

392 847 528 891 briam)
571 846 652 891 regi
694 859 760 892 per
801 848 928 883 odium
966 849 1091 885 Sullae

391 903 524 937 graves
557 893 707 938 carique
739 897 847 930 erant
876 896 911 931 H
938 900 996 940 783
1034 898 1090 932 in-

390 942 536 985 yenium
590 946 623 977 et
676 953 789 978 mores
838 944 1092 980 describuntur

391 988 576 1032 158—613
597 990 640 1023 ut
654 988 833 1024 Sullani
850 989 979 1036 fugam
992 1002 1090 1026 com-

390 1037 572 1080 ponerent
596 1036 613 1070 I
633 1040 688 1071 41.
954 1081 958 1084 Ὺ

345 1082 381 1117 Ρ.
405 1081 608 1127 Sulpicius
628 1083 769 1119 Rufus
790 1085 915 1131 [leyem
934 1087 1030 1130 tulit,
1049 1091 1089 1122 ut

392 1131 599 1173 auferretur
636 1131 760 1167 Sullae
795 1132 909 1176 Asia;
946 1134 992 1169 ab
1029 1135 1091 1169 illo

391 1178 527 1212 occisus
545 1190 580 1223 p.
597 1179 651 1224 9];
674 1178 866 1214 Saturnini
886 1179 986 1225 olim,
1005 1183 1092 1226 post

393 1224 549 1269 Sulpicii
569 1225 753 1262 satellites
773 1227 859 1272 177,
875 1230 905 1262 7.
926 1249 972 1253 —-
993 1228 1090 1263 Ser-

390 1271 463 1306 vio
485 1272 691 1317 Sulpicio
711 1276 750 1309 et
768 1274 895 1309 Marco
911 1275 1090 1312 Marcello

390 1319 604 1362 consulibus
630 1321 647 1355 Ι
668 1325 708 1356 11
737 1323 796 1367 (se.
823 1334 923 1358 anno
943 1325 1013 1368 51).

644 279 804 324 pecunia
812 307 821 323 ,
853 291 966 323 quam
992 280 1096 316 Sulla

340 1414 508 1458 Repente
537 1415 638 1450 visus
670 1415 787 1451 lenire
814 1417 945 1461 Tagus
970 1418 987 1452 I
1008 1422 1084 1454 115.

341 1462 547 1497 Amazones
580 1474 602 1497 a
628 1463 753 1499 Tanai
784 1463 934 1500 flumine
956 1494 963 1500 .
980 1494 1009 1501 ..
1032 1466 1087 1500 di-

387 1520 538 1553 gressae
558 1510 609 1544 IH
630 1513 690 1554 73;
717 1511 858 1556 *usque
882 1512 931 1547 ad
950 1512 1087 1548 flumen

389 1556 580 1601 (Maeotici
604 1559 779 1604 incolunt)
805 1559 856 1594 III
877 1563 938 1603 753
968 1561 1088 1606 [trans

393 1605 540 1640 Tanain
553 1605 737 1641 Sarmates
751 1607 919 1643 habitant
933 1619 972 1652 p.
987 1609 1085 1654 137}

340 1651 546 1696 Aegrotum
564 1652 730 1689 Tarenti
753 1654 937 1699 collegam
957 1655 1085 1700 (Servi-

387 1700 459 1734 lius
483 1701 641 1746 reliquit)
667 1701 684 1735 I
705 1705 782 1737 127.

340 1746 462 1782 Metus
482 1759 504 1782 a
519 1748 740 1792 Tarquinio
761 1750 798 1784 et
811 1748 953 1784 bellum
971 1761 1086 1794 grave

389 1805 473 1829 cum
498 1795 649 1830 Etruria
673 1796 691 1830 I
711 1800 764 1832 11.

340 1841 548 1886 Redarguit
598 1843 832 1887 Tarquitius
882 1845 1086 1889 (epistulam

388 1889 566 1935 Celtiberi)
591 1890 643 1925 III
657 1895 718 1934 813
745 1891 900 1926 *cavere
926 1891 1084 1936 impera-

387 1938 508 1972 torem
532 1939 640 1973 iussit
658 1938 710 1973 HI
729 1942 790 1982 823
816 1938 961 1973 medius
987 1939 1086 1974 inter

387 1984 624 2029 Tarquitium
653 1987 691 2021 et
717 1985 908 2021 dominum
933 1987 1085 2032 Perper—

387 2043 476 2066 nam
500 2032 551 2066 ΙΠ
571 2036 626 2069 83.

340 2079 502 2126 Tarrhi,
530 2080 727 2116 Sardiniae
751 2082 838 2117 urbs
864 2082 951 2117 bello
977 2081 1086 2127 Lepi-

388 2128 485 2162 dano
510 2128 609 2164 dicta
633 2128 667 2162 II
688 2132 741 2163 12.

341 2173 536 2210 Tarrulae
566 2175 776 2220 Scirtoque,
808 2175 980 2221 pessimis
1013 2188 1086 2212 ser-

386 2232 518 2256 vorum
542 2222 559 2256 I
579 2226 634 2267 55,
656 2227 711 2258 21.

343 2269 595 2316 Tartessum,
638 2270 844 2315 Hispaniae
893 2271 1087 2306 civitatem

386 2317 455 2352 etc.
477 2316 510 2351 II
531 2320 568 2360 53
595 2318 705 2363 [hanc
723 2318 856 2354 Noraa·
874 2320 1086 2362 incoluerat,

386 2369 580 2409 antequam
611 2365 653 2400 in
681 2365 896 2401 Sardiniam
921 2368 1087 2411 pervenit

340 2412 514 2493 Omniuni
545 2459 768 2495 ferocissimi
798 2459 940 2495 Achaei
972 2462 1085 2505 atque

385 2506 510 2542 Tauri
535 2508 622 2542 sunt
645 2507 698 2542 111
719 2511 772 2543 74.

340 2553 418 2588 Cha
462 2554 548 2589 bdis
564 2583 571 2590 .
588 2584 594 2590 .
611 2584 618 2590 .
634 2554 744 2590 illata
762 2554 917 2599 navigia
935 2555 1084 2591 Tauro-

386 2612 425 2636 m
450 2601 590 2637 nitana
615 2602 665 2636 ad
687 2601 800 2637 litora
819 2602 939 2637 trahit
956 2603 1007 2638 IV
1028 2607 1082 2639 28.

338 2648 494 2684 Flumen
526 2649 664 2684 Clurda
696 2649 828 2686 Tauro
862 2651 988 2684 monte
1021 2651 1083 2685 de-

385 2696 501 2731 fluens
512 2696 547 2730 H
557 2699 619 2741 843
631 2697 864 2733 *describitur
874 2697 908 2731 II
918 2700 962 2731 82
971 2698 1028 2741 (83
1037 2699 1084 2743 5³),

385 2743 593 2778 Antiochus
617 2744 718 2779 omni
738 2744 791 2779 cis
811 2745 975 2779 Taurum
994 2756 1085 2789 agro

388 2790 570 2835 spoliatus
596 2791 647 2826 IV
667 2795 723 2836 69,
745 2795 783 2835 93
810 2792 894 2837 [per
925 2791 1086 2826 Taurum

380 2839 524 2882 primus
544 2840 707 2883 perreoeit
730 2839 979 2875 Romanorum
1004 2839 1084 2874 Ser-

386 2886 497 2920 v'lius
516 2898 555 2930 p.
577 2887 651 2932 90].
1059 2934 1065 2936 -

237 2897 545 3184 synodos
572 2933 718 2980 [puyna
738 2934 789 2969 ibi·
806 2935 906 2978 facta
924 2946 962 2979 p.
984 2934 1083 2980 153}

1042 174 1157 210 Index
1180 175 1224 210 II.

1169 281 1488 364 Teliffntunorum
1497 283 1620 319 accitu
1631 283 1803 328 quaestio
1808 284 1912 324 faeta

1167 376 1349 413 Terentii
1378 378 1459 413 vide
1490 377 1518 412 L
1526 389 1550 412 u
1558 389 1577 413 c
1585 389 1609 413 11
1617 377 1725 425 llus,
1760 379 1911 419 Varro.

1167 423 1510 461 Termestinorum
1518 436 1628 471 agros
1635 425 1848 464 invasereII
1854 431 1910 465 95.

1166 470 1183 489 '¹‘
1191 471 1449 517 Themiscyra
1469 473 1508 518 [a
1523 473 1681 510 Lucullo
1699 481 1912 522 oppuqnata

1206 530 1246 563 p.
1273 519 1358 566 131]
1369 535 1376 563 3
1421 519 1544 565 campi
1581 520 1910 570 Themiscyrei,

1214 577 1306 610 quos
1332 567 1496 602 habuere
1522 567 1728 604 Amazones
1752 569 1804 606 111
1825 573 1879 607 73.

1167 617 1341 654 Varinius
1351 649 1357 655 .
1369 649 1376 655 .
1388 622 1641 664 ,quaestorem
1651 622 1910 669 1111111116.Ήο-

1212 666 1371 702 ranium
1393 668 1550 703 Romam
1568 668 1723 706 miserat
1740 669 1794 706 ΠΙ
1806 671 1910 716 96A;

1213 713 1253 759 [a
1279 714 1455 759 Spartaco
1479 717 1594 751 vietus
1613 728 1653 761 p.
1674 718 1773 764 146}

1165 764 1228 801 *L.
1257 767 1430 821 Thorius
1455 768 1626 824 Balbus
1653 769 1806 816 [leqatus
1829 771 1909 807 Me-

1212 814 1288 849 telli
1313 827 1336 850 a
1362 815 1519 852 Sertorio
1545 827 1680 852 occisus
1699 829 1738 863 p.
1758 818 1833 865 44].

1165 865 1362 904 *Thracia
1394 869 1540 915 [bellum
1567 882 1592 905 a
1616 870 1774 907 Lucullo
1803 872 1846 908 in
1868 883 1911 908 ea

1210 919 1346 959 gestum
1366 928 1405 961 p.
1427 918 1526 963 125}

1164 966 1334 1003 *Thurii
1379 970 1424 1015 [a
1465 971 1634 1016 fuqitivis
1680 973 1911 1018 dirspiumtwr

1205 1018 1320 1058 10146
1326 1030 1339 1059 ,·
1350 1017 1480 1052 ibidem
1487 1018 1634 1054 hiemem
1641 1023 1756 1066 ayunt
1759 1021 1890 1068 1216&
1900 1037 1908 1065 3

1209 1061 1277 1096 *ad
1289 1063 1468 1108 oppidum
1481 1063 1535 1100 ire
1549 1066 1842 1103 contenduntIV
1851 1071 1908 1104 20.

1165 1114 1352 1159 Tigranis
1379 1128 1494 1162 regno
1519 1117 1666 1164 integro
1690 1119 1742 1155 IV
1762 1123 1825 1166 69,
1846 1124 1908 1166 163

1211 1163 1398 1200 abnuente
1418 1164 1590 1211 Tigrane,
1617 1165 1682 1211 qui
1702 1177 1788 1203 mea
1806 1166 1909 1203 dicta

1211 1221 1292 1245 sero
1328 1212 1466 1257 probat
1495 1213 1547 1248 IV
1572 1216 1634 1258 69,
1656 1217 1716 1258 13;
1755 1214 1908 1262 [legatio

1213 1258 1362 1294 Claudii
1386 1261 1436 1295 ad
1459 1272 1540 1296 eum
1559 1272 1598 1306 p.
1620 1263 1693 1297 177
1698 1275 1712 1306 ;
1738 1273 1795 1298 res
1819 1263 1908 1299 bello

1209 1306 1380 1343 adversus
1412 1307 1610 1344 Lucullum
1638 1313 1755 1361 ,qestae
1775 1321 1815 1355 p.
1834 1312 1909 1345 177

1208 1356 1340 1388 -178,
1360 1355 1586 1402 190-191];
1610 1355 1799 1392 *insolens
1818 1367 1908 1392 vera

1209 1400 1419 1446 accipiendi
1445 1402 1496 1437 IV
1515 1406 1576 1447 573
1608 1402 1765 1439 *anxius
1791 1403 1907 1439 animi

1207 1447 1258 1482 IV
1271 1450 1333 1492 683
1347 1449 1640 1494 imprudentiam
1652 1449 1826 1496 Tigranis
1839 1463 1908 1497 pro

1207 1494 1366 1530 victoria
1386 1498 1579 1532 ostentant
1597 1497 1648 1532 IV
1668 1501 1724 1543 69,
1746 1501 1808 1543 15;
1834 1498 1906 1534 Ar-

1206 1544 1299 1578 sacis
1339 1543 1396 1578 ira
1433 1543 1473 1579 in
1509 1544 1711 1590 Tigranem
1746 1545 1906 1582 recentis

1206 1589 1298 1624 belli
1309 1590 1360 1626 IV
1369 1594 1424 1636 69,
1434 1595 1455 1626 3
1465 1607 1473 1636 3
1487 1591 1504 1611 '¹‘
1513 1592 1770 1629 Menemachus
1782 1603 1908 1639 regem

1207 1638 1453 1674 aversabatur
1477 1639 1511 1674 V
1532 1642 1586 1675 16.

1159 1689 1475 1735 *Tigranocerta
1506 1693 1666 1739 [obsessa
1696 1705 1720 1728 a
1750 1693 1907 1730 Lucullo

1200 1750 1239 1783 p.
1260 1741 1464 1783 177—78;
1490 1752 1621 1786 pugna
1650 1740 1782 1776 ibidem
1805 1741 1907 1785 facta

1159 1839 1307 1882 Tigris.
1364 1839 1500 1876 Fontes
1535 1841 1612 1876 eius
1648 1841 1690 1875 in
1726 1840 1905 1878 Armenia

1204 1886 1277 1922 1V7
1283 1890 1301 1922 7
1310 1903 1318 1931 ;
1329 1888 1368 1933 [a
1375 1887 1532 1923 Lucullo
1539 1888 1824 1934 transiectusp.1
1829 1889 1902 1935 77].

1158 1940 1251 1976 Tios
1293 1942 1362 1976 soli
1402 1942 1586 1987 yentisque
1623 1941 1904 1988 Paphlayowum

1161 2035 1361 2071 Titurium
1375 2035 1543 2080 legatum
1556 2035 1596 2070 in
1610 2036 1814 2073 Celtiberia
1825 2037 1904 2073 hie-

1206 2093 1304 2118 mem
1335 2094 1445 2128 agere
1474 2082 1584 2118 iussit
1610 2085 1669 2129 (sc.
1697 2084 1904 2132 Pompeius)

1161 2177 1224 2213 *L.
1252 2178 1480 2214 Trebellius
1512 2178 1598 2225 [leqi
1624 2178 1807 2215 Gabiniae
1839 2180 1903 2215 ad-

1206 2229 1370 2261 versatur
1390 2238 1428 2270 p.
1449 2226 1549 2272 195].

1160 2271 1222 2308 *Q
1249 2272 1464 2307 Valerius
1491 2272 1675 2309 Triarius
1707 2273 1804 2320 [cwm
1833 2273 1902 2309 Le-

1202 2321 1291 2364 pido
1326 2321 1366 2355 in
1398 2320 1576 2355 Sardinia
1600 2325 1747 2367 pugnat
1770 2332 1810 2366 p.
1835 2323 1905 2364 62,-

1206 2368 1315 2402 classi
1340 2368 1491 2403 Luculli
1516 2368 1732 2412 praeficitur
1753 2379 1792 2413 p.
1813 2370 1904 2411 131;

1206 2415 1256 2450 ad
1285 2414 1465 2450 Tenedum
1483 2414 1658 2450 Ponticas
1681 2426 1791 2451 naves
1815 2415 1905 2451 delet

1200 2474 1238 2506 p.
1265 2464 1359 2506 158‚·
1392 2462 1510 2498 clades
1540 2462 1681 2498 Zelana
1709 2473 1832 2508 resque
1863 2463 1904 2497 in

1205 2509 1323 2545 Ponto
1347 2513 1464 2555 qestae
1482 2521 1521 2554 p.
1543 2509 1739 2556 190—91J.

1158 2556 1293 2592 Troia.
1337 2557 1479 2592 Diruta
1500 2557 1586 2592 urbe
1609 2557 1798 2592 Troiani
1816 2555 1902 2592 Sar-

1204 2605 1345 2639 diniam
1358 2605 1542 2648 petierunt
1557 2603 1591 2638 H
1604 2606 1642 2647 8;
1667 2603 1777 2639 Troia
1794 2604 1902 2639 etiam

1204 2651 1406 2686 Dardania
1431 2651 1528 2686 dicta
1553 2650 1604 2685 ΙΠ
1623 2654 1678 2686 61.

1158 2698 1258 2732 Inter
1282 2697 1419 2733 flumen
1442 2698 1620 2744 Turiam,
1646 2698 1748 2742 quod
1765 2697 1902 2741 Valen-

1205 2745 1300 2780 tiam
1320 2774 1326 2781 .
1343 2773 1350 2781 .
1367 2774 1373 2780 .
1393 2744 1626 2790 praeterfluit
1649 2745 1684 2779 H
1709 2747 1771 2789 543
1795 2755 1902 2790 proe-

1204 2792 1297 2827 lium
1316 2792 1417 2837 apud
1435 2791 1573 2827 flumen
1592 2791 1745 2827 Turiam
1761 2791 1797 2827 Π
1809 2795 1864 2836 98,
1880 2795 1901 2826 6

1159 2842 1374 2922 Tigessuin
1389 2916 1395 2922 .
1409 2915 1416 2922 .
1430 2916 1437 2922 .
1453 2887 1564 2932 Tyrii
1584 2887 1730 2922 mutato
1751 2885 1900 2922 nomine

1208 2933 1351 2969 Gaddir
1375 2934 1517 2969 habent
1540 2934 1575 2968 H
1593 2937 1625 2969 ὅ.
