1916 3178
870 141 1161 182 -62—

240 246 401 300 impetu
434 259 533 299 prae
561 243 712 285 ceteris
743 245 1123 287 commemorando.
1185 245 1306 295 Quod
1331 247 1476 286 utrum
1506 246 1616 289 fonti
1647 250 1812 294 eorum'·

241 316 454 359 communi
486 315 655 357 casuine
687 314 960 366 tribuendum
992 316 1048 358 sit
1080 317 1257 359 dubium
1287 316 1464 359 videtur.

357 386 641 442 Naufragium
671 386 934 428 Mithridatis
964 387 1158 429 Memno
1190 389 1265 442 42,
1296 389 1341 442 2,
1385 386 1558 429 maioris
1587 387 1797 431 momenti>

241 458 371 499 fuisse
403 455 593 513 negat1)‚
630 471 727 498 cum
764 459 806 498 et
838 456 1066 499 Sallustius
1103 460 1146 499 et
1175 457 1322 499 Livius
1353 456 1591 512 Straboque
1627 468 1794 502 summo

187 536 190 539 ·
241 528 285 569 in
316 527 503 582 periculo
529 526 822 569 Mithridatem
846 530 1060 569 versatum
1091 528 1360 583 maximoque
1386 527 1640 574 detrimento
1658 527 1794 575 afflia

241 603 333 640 tum
365 613 456 639 esse
488 598 675 639 tradant:
707 598 850 653 itaque
877 597 1030 640 Strabo
1062 599 1141 640 hac
1173 598 1218 640 in
1243 610 1287 640 re
1312 599 1554 640 Romanum
1578 601 1795 641 auctorem

240 669 441 728 (eundem
471 667 642 723 quidem
673 683 800 723 quem
830 667 995 724 Livius)
1026 668 1189 723 habuit,
1219 669 1390 711 Memno
1426 683 1526 710 vero
1556 667 1794 712 Ponticum.

240 741 326 782 Res
357 740 410 781 ad
434 739 751 794 Themiscyram
776 742 904 794 atque
929 739 1126 781 Amisum
1152 754 1176 780 a
1200 739 1404 781 Romanis
1429 739 1570 781 minus
1594 736 1795 795 prospere

241 814 384 868 gestas
417 811 628 852 occultare
660 809 824 851 studuit
855 809 1100 866 Sallustius,
1137 825 1233 852 cum
1265 810 1437 852 omnino
1468 810 1628 853 ibidem
1657 810 1796 871 acrius

240 884 479 939 pugnatum
510 895 601 922 esse
626 878 863 937 negaret²);
895 883 1042 922 contra
1066 880 1219 923 Strabo
1246 880 1329 939 (ap.
1349 881 1457 937 App.
1474 879 1550 938 78)
1581 895 1796 938 oppugna-

239 954 378 996 tiones
404 952 500 994 illas
525 951 697 1007 longius
723 954 902 1007 enarrat,
933 954 1149 993 auctorem
1174 951 1377 994 nimirum
1403 954 1573 995 secutus
1590 950 1796 994 Romanis

240 1024 445 1079 iniquum.

358 1094 507 1136 Altero
540 1093 614 1135 illo
645 1092 807 1148 proelio
839 1093 892 1134 ad
919 1092 1114 1135 Cabiram
1145 1094 1258 1135 facto
1284 1093 1438 1136 Strabo
1469 1094 1581 1150 apud
1610 1093 1720 1150 App.
1739 1094 1798 1137 80

239 1166 454 1221 Ponticos,
485 1167 634 1206 contra
658 1155 771 1205 Plut.
796 1163 896 1205 Luc.
920 1164 986 1219 15,
1018 1164 1042 1206 i.
1070 1180 1103 1217 e.
1130 1164 1369 1221 Sallustius,
1399 1165 1615 1207 Romanos
1645 1163 1797 1207 vicisse

239 1240 400 1292 narrat,
453 1236 497 1277 in
543 1234 725 1291 singulis
771 1235 898 1276 rebus
941 1235 1220 1291 depingendis
1263 1236 1334 1277 vix
1380 1235 1654 1291 dissentiunt,
1700 1249 1797 1278 cum

239 1312 418 1363 uterque
449 1305 601 1362 proelii
633 1305 859 1347 discrimen
896 1320 945 1347 eo
977 1306 1206 1347 adductum
1238 1321 1329 1348 esse
1361 1306 1481 1363 dicit,
1519 1306 1633 1362 quod
1667 1306 1797 1361 impe-

239 1382 356 1421 rator
392 1377 500 1435 (sive
536 1376 741 1418 Lucullus
779 1376 866 1418 sive
903 1375 1195 1434 Mithridates)
1232 1377 1322 1432 ipse
1358 1377 1668 1432 proeliantibus
1703 1390 1796 1429 sese

240 1447 536 1503 immiscuerit,
576 1447 834 1489 dissentiunt
871 1463 970 1489 vero
1011 1447 1056 1489 in
1093 1463 1258 1490 summa
1294 1448 1373 1504 rei,
1414 1463 1510 1490 cum
1539 1447 1796 1490 Plutarchus

240 1522 438 1561 eventum
474 1533 550 1573 per
580 1518 806 1560 Lucullum
843 1518 1048 1560 Romanis
1085 1518 1270 1575 felicem,
1310 1516 1576 1576 Appianus⁸)
1614 1533 1691 1574 per
1719 1516 1797 1560 Mi-

240 1590 471 1632 thridatem
507 1588 698 1630 Ponticis
743 1604 993 1644 prosperum
1037 1589 1249 1631 redditum
1294 1605 1384 1631 esse
1429 1589 1696 1632 contendant.
1739 1614 1795 1620 —

239 1662 391 1718 Pugna
416 1660 775 1716 Triganocertana
801 1660 1010 1702 exercitus
1035 1659 1227 1702 Armenii
1252 1675 1454 1702 numerus
1485 1675 1510 1702 a
1534 1660 1796 1702 Memnone

240 1748 272 1775 c.
300 1734 374 1787 57,
403 1734 425 1773 1
459 1746 591 1786 aeque
617 1734 744 1786 atque
770 1746 794 1772 a
818 1729 1152 1787 Phlegonte4)
1184 1731 1320 1773 multo
1346 1731 1522 1773 minoris
1548 1730 1798 1773 aestimatur

241 1818 368 1858 quam
399 1802 511 1856 apud
541 1801 649 1856 App.
677 1802 751 1856 85,
781 1801 893 1842 Plut.
921 1803 996 1857 26,
1027 1801 1204 1856 Eutrop.
1229 1801 1308 1858 VI,
1334 1803 1372 1844 9.
1426 1801 1631 1843 Videmus
1662 1800 1798 1857 igitur

239 1875 456 1916 Romanos
476 1876 668 1914 auctores
689 1872 855 1914 auxisse
874 1887 1111 1928 numerum,
1136 1875 1184 1914 ut
1203 1872 1385 1928 gloriam
1404 1887 1572 1927 quoque
1591 1871 1796 1914 Romanis

241 1947 462 2001 augerent:
494 1958 600 1998 quos
627 1943 756 1984 etiam
781 1943 934 1985 Strabo
962 1946 1132 1985 secutus
1159 1946 1233 1985 est.
1283 1942 1490 1986 Similiter
1514 1943 1626 1998 apud
1649 1941 1796 1984 Phle—
1865 1967 1867 1969 ·

241 2018 445 2072 gontem
482 2014 618 2056 multo
657 2014 796 2056 minor
833 2014 1067 2056 occisorum
1105 2014 1295 2055 hostium
1330 2028 1531 2055 numerus
1560 2016 1632 2055 vest
1669 2027 1796 2069 quam

242 2087 353 2142 apud
378 2085 581 2141 reliquos,
612 2086 791 2126 fortasse
817 2085 951 2140 igitur
981 2085 1053 2125 ille
1079 2085 1258 2126 eundem
1283 2084 1509 2127 Ponticum
1535 2084 1796 2140 scriptorem,

367 2228 399 2270 1)
426 2226 577 2272 σφοδρῷ
596 2231 748 2271 χειμῶνι
767 2225 976 2270 περιπεσὼν
1001 2225 1129 2265 τινας
1154 2225 1232 2271 μὲν
1257 2230 1341 2260 τῶν
1367 2230 1561 2271 τριηρῶν
1581 2224 1795 2273 ἀποβάλλει,

242 2284 353 2325 αὐτὸς
378 2283 419 2319 δὲ
445 2284 555 2329 μετὰ
580 2290 664 2319 τῶν
690 2283 913 2319 πλειόνων
938 2287 1012 2320 κτλ.

360 2345 396 2388 2)
422 2342 476 2378 Of.
497 2344 595 2379 Plut.
616 2354 646 2378 e.
664 2347 724 2378 15:
750 2345 922 2388 μαλακῶς
947 2347 989 2389 τῇ
1009 2345 1205 2392 πολιορκίᾳ
1224 2343 1410 2389 χρώμενος
1434 2344 1473 2379 et
1492 2342 1580 2378 Sall.
1601 2343 1646 2378 fr.
1661 2342 1711 2378 IV
1732 2346 1794 2379 42:

245 2402 509 2446 ‘Amisumque
535 2401 700 2437 adsideri
727 2401 806 2437 sine
831 2401 985 2446 proeliis
1012 2401 1216 2438 audiebat.’

361 2467 395 2506 3)
422 2462 464 2495 In
488 2461 696 2496 Memnonis
720 2460 844 2496 verbis
870 2466 926 2505 43,
954 2466 992 2496 3:
1031 2459 1110 2496 εἶτα
1143 2460 1366 2507 ἱππομαχίαι
1398 2459 1624 2506 συνέστησαν
1650 2460 1718 2496 δύο
1744 2456 1795 2495 ὧν

242 2521 308 2566 τὴν
342 2520 409 2567 μὲν
443 2517 575 2556 ἐνίκων
609 2519 647 2555 οἵ
670 2519 860 2566 Ῥωμαῖοι,
891 2520 958 2565 τὴν
991 2519 1170 2565 δευτέραν
1201 2519 1238 2570 δ’
1273 2518 1312 2555 οἷ
1334 2519 1514 2556 Ποντικοὶ
1543 2518 1634 2564 quid
1664 2519 1795 2564 lateat,

244 2579 370 2615 Photii
397 2591 486 2615 sane
512 2579 623 2625 culpa
648 2579 845 2614 obscurum
870 2581 938 2614 est.

362 2641 398 2683 4)
423 2639 480 2674 Fr.
503 2642 546 2674 12
568 2638 620 2682 (F.
634 2637 680 2673 H.
695 2638 738 2673 G.
756 2638 808 2673 III
827 2650 863 2683 p.
885 2641 984 2683 606):
1016 2642 1066 2685 τῷ
1092 2637 1132 2673 δὲ
1157 2637 1318 2685 τετάρτῳ
1345 2635 1418 2673 ἔτει
1436 2638 1496 2682 (=
1513 2636 1632 2684 69l68)
1661 2635 1796 2682 Τιγρά-

243 2712 310 2743 νης
335 2698 399 2733 καὶ
423 2697 666 2743 Μιθριδάτης
691 2698 938 2743 ἀθροίσαντες
962 2697 1094 2740 πεζοὺς
1128 2696 1196 2742 μὲν
1220 2695 1400 2742 τέσσαρας
1425 2695 1625 2742 μυριάδας,
1661 2693 1797 2736 ἷππέας

246 2757 286 2792 δὲ
313 2761 420 2802 τρεῖς,
447 2756 510 2792 καὶ
535 2756 599 2791 τὸν
621 2755 798 2790 Ἰταλικὸν
824 2755 959 2795 αὐτοὺς
983 2754 1161 2797 τάξαντες
1180 2754 1318 2800 τρόπον
1338 2752 1570 2799 ἐπολέμησαν
1589 2752 1792 2801 Λευκόλλῳ.

243 2816 308 2851 καὶ
333 2820 419 2864 νικᾷ
445 2816 649 2855 Λεύκολλος
674 2814 738 2850 καὶ
763 2813 938 2855 πεντάκις
963 2815 1072 2859 χίλιοι
1103 2813 1170 2859 μὲν
1202 2819 1275 2849 τῶν
1301 2812 1392 2859 μετὰ
1420 2811 1626 2858 Τιγράνους
1651 2809 1795 2856 ἔπεσον,

243 2876 392 2914 πλείους
417 2874 457 2909 δὲ
484 2874 623 2909 τούτων
648 2872 982 2920 ᾐχμαλωτίσθησαν
1007 2871 1117 2919 χωρὶς
1141 2878 1205 2907 τοῦ
1232 2872 1342 2908 ἄλλον
1370 2872 1571 2917 σύγκλυδος
1596 2870 1716 2917 ὄχλου.
