1916 3178
765 143 1058 187 *55*ἡ

385 252 471 296 iam
500 251 572 296 hic
603 252 863 306 ostentatur,
899 250 1071 307 utrique
1103 265 1328 295 commune
1361 255 1427 296 est
1463 251 1556 311 (καὶ
1590 222 1697 309 μετα

21 315 24 387 ¹,
67 323 258 376 m
263 356 278 380 ‚
313 324 374 376 ὡς
414 323 489 368 καὶ
526 320 662 375 αὖθις
696 324 747 366 τὸ
791 322 899 365 αὐτὸ
943 328 1074 366 τοῦτο
1111 323 1395 380 πεποιηκέναι
1438 324 1582 379 ἔδοξε,
1617 327 1697 368 τὸν

20 414 21 417 “
91 427 97 446 ,-
115 393 296 443 ἡαπ)ν
323 395 442 454 αὐτῷ
470 397 550 439 τὸν
578 391 671 438 κατ’
710 393 882 437 ἐκεῖνον
906 394 986 437 τὸν
1011 395 1176 450 χρόνον
1203 395 1310 437 ὄντα
1330 394 1577 452 ὃιοὲὃοχον’
1563 395 1695 452 έπεμ-

118 474 217 524 [φὰν
258 463 311 512 ef.
355 481 454 511 cum
484 466 616 510 Plut.:
665 461 790 509 οὗτοι
828 462 909 520 μὲν
953 461 1037 508 οὖν
1078 464 1386 522 ἐξειργάσαντο
1431 469 1576 527 χρόνῳ
1614 468 1697 524 τὴν

14 543 16 546 '
118 535 273 589 ὠῶν
303 536 555 596 ὑπόθεσιν).
611 537 678 580 De
709 536 1027 594 expugnatione
1059 536 1462 594 Tigranocertorum
1494 540 1563 581 cf‚:
1595 550 1696 582 στα-

50 629 80 675 ‚fl
120 609 377 657 ›omnim-mv
399 612 511 668 πρὸς
534 611 640 661 τοὺς
660 607 917 666 Ἀρμενίους
947 615 1037 653 τῶν
1062 607 1202 661 ξένων
1234 623 1331 651 cum
1361 609 1475 652 Plut.
1501 611 1575 653 29:
1605 618 1695 654 τῶν

62 676 99 737 ς’ᾗῖ
122 682 353 740 Ἑλλήνων
381 683 493 739 πρὸς
522 683 628 733 τοὺς
657 680 912 737 βαρβάρους
943 680 1276 723 στασιασάντων
1315 683 1358 723 et
1388 682 1441 723 τὰ
1472 679 1553 737 μὲν
1584 683 1696 726 ἄλλα

23 798 45 805 ,,
119 754 381 814 ,διηρπάσθη
430 768 529 798 cum
570 752 822 796 Plutarcho:
870 752 954 807 τὴν
1003 749 1053 794 δὲ
1100 753 1232 795 πόλιν
1282 752 1522 809 διαρπάσαι
1564 753 1695 811 παρέω

0 851 1 880 3
52 830 59 874 s
125 829 239 873 δωσιε
276 834 371 878 τοῖς
405 826 708 882 στρατιώταις,
749 838 888 879 neque
931 823 1074 866 minus
1116 823 1167 866 de
1204 822 1422 867 Arabibus
1460 825 1695 881 ceterisque

43 888 71 914 *7
122 898 295 957 populis
325 897 531 942 subiectis
562 898 816 954 congruunt.
881 896 946 938 De
977 895 1238 938 Parthorum
1262 896 1315 938 ad
1339 896 1557 939 Romanos
1585 897 1697 954 lega-

119 971 240 1015 tione
278 970 330 1014 cf.
361 969 470 1014 Dio.
510 983 543 1012 c.
569 969 614 1012 5:
654 967 860 1026 πρέσβεις
897 984 942 1011 τε
982 968 1029 1011 οἰ
1067 966 1314 1023 ἀντέπεμψε
1348 967 1421 1011 καὶ
1458 970 1613 1025 φιλίαν
1650 986 1694 1013 τε

117 1042 198 1088 καὶ
231 1043 485 1100 συμμαχίαν
529 1040 759 1085 ἐσπείσατο
804 1055 901 1084 cum
937 1039 1051 1082 Plut.
1090 1040 1166 1082 30:
1215 1036 1292 1095 ἧκε
1335 1042 1546 1097 πρεσβεία
1588 1039 1691 1096 παρ’

31 1115 58 1144 -’
116 1114 257 1161 αὐτὸν
301 1115 364 1166 εἰς
405 1115 562 1171 φιλίαν
603 1111 972 1168 προκαλουμένου
1014 1109 1088 1154 καὶ
1132 1113 1397 1167 συμμαχίαν.
1465 1111 1530 1154 De
1567 1113 1696 1155 rebus

43 1187 49 1226 .’
119 1185 446 1243 insequentibus
485 1184 712 1228 dissentire
744 1186 926 1240 uterque
964 1182 1191 1225 Grashofio
1230 1182 1347 1225 visus
1385 1186 1467 1239 est3
1505 1186 1695 1226 attamen

38 1299 39 1302 ,
118 1272 216 1303 meo
252 1257 426 1315 quidem
463 1255 621 1300 iudicio
660 1255 821 1312 optime
859 1255 968 1297 alter
1005 1254 1189 1296 alterum
1227 1254 1400 1310 supplet
1437 1257 1565 1311 atque
1600 1270 1695 1298 con-

37 1380 40 1381 ⁷
118 1330 279 1374 tinuat:
307 1328 459 1373 Arsaci
496 1328 552 1371 ob
589 1326 877 1384 praesentiam
907 1325 1077 1369 Sextih‘i
1114 1325 1248 1382 legati
1287 1326 1473 1382 suspicio
1512 1341 1695 1370 commo-

25 1401 29 1406 ”
117 1405 245 1445 vetur
285 1398 424 1460 (Dio),
467 1414 598 1456 quare
642 1399 782 1441 denuo
825 1397 1168 1455 appropinquare
1212 1396 1364 1453 incipit
1404 1397 1457 1440 ad
1498 1397 1696 1455 Tigranis

26 1470 29 1472 ’
118 1472 470 1528 Mithridatisque
505 1473 668 1528 partes,
705 1470 779 1526 qui
817 1472 943 1512 antea
980 1484 1078 1512 eum
1116 1468 1169 1510 ad
1205 1469 1356 1511 foedus
1391 1469 1694 1526 invitaverant3

119 1545 236 1602 quod
259 1543 562 1588 animadvertit
581 1542 786 1586 Sextilius
805 1541 1117 1597 Lucullumque
1144 1540 1370 1583 certiorem
1394 1541 1498 1583 facit
1524 1540 1696 1599 (Plut.);

117 1616 325 1661 Lucullus
350 1615 438 1659 iam
462 1614 627 1659 bellum
658 1614 860 1656 adversus
886 1616 974 1656 tres
999 1627 1124 1670 reges
1154 1611 1297 1654 animo
1329 1612 1497 1655 volutat
1528 1611 1696 1670 (Plut.),

118 1688 301 1733 Arsaces
346 1687 483 1745 igitur
527 1687 582 1729 ab
622 1689 805 1742 utroque
849 1685 1019 1728 foedere
1059 1683 1220 1726 recedit
1263 1683 1532 1740 mediamque
1576 1687 1696 1727 tenet

60 1757 71 1768 ⁶
117 1763 287 1818 partem
328 1756 478 1818 (Di0.).
555 1757 713 1802 Nonne
762 1756 898 1814 igitur
947 1755 1109 1812 optime
1152 1755 1266 1798 inter
1314 1770 1405 1798 sese
1449 1756 1696 1812 conspirant

118 1832 350 1889 scriptores
380 1830 494 1873 duo?
554 1829 814 1872 Plutarchus
845 1830 991 1871 autem
1022 1826 1177 1883 omnia,
1209 1842 1317 1882 quae
1349 1827 1402 1868 ad
1434 1827 1694 1870 efferendum

117 1903 347 1948 Lucullum
375 1901 616 1946 necessaria
645 1916 733 1943 non
753 1902 898 1956 crant,
930 1899 1087 1954 omisit,
1112 1898 1339 1955 praecipue
1363 1898 1550 1954 priorem
1576 1899 1695 1941 illam

117 1973 384 2020 Mithridatis
420 1973 474 2016 ad
509 1972 715 2016 Arsacem
758 1971 999 2028 epistulam.
1073 1969 1239 2013 Deinde
1284 1985 1383 2026 cap.
1411 1972 1437 2013 6
1483 1972 1694 2014 conferas:

119 2052 362 2104 μεσοῦντος
397 2046 484 2102 ἤδη
521 2051 602 2089 τοῦ
638 2042 804 2101 θέρους
840 2057 938 2086 cum
976 2042 1090 2085 Plut.
1128 2057 1217 2098 cap.
1244 2043 1319 2086 31:
1355 2041 1521 2099 θέρους
1557 2042 1694 2099 ἀκμά-

121 2121 272 2172 ζοντος
311 2119 357 2161 et
395 2117 496 2161 τννά
535 2131 582 2160 τε
621 2121 698 2172 τῆς
737 2121 819 2171 γῆς
859 2114 1109 2171 ἐπόρθησεν
1149 2139 1203 2144 -
1242 2139 1298 2144 —
1340 2112 1413 2156 καὶ
1457 2114 1516 2164 ὡς
1560 2112 1694 2158 οὐδὲν

122 2192 292 2247 μᾶλλον
319 2188 564 2243 ἐκινοῦντο,
598 2185 668 2231 ἔπ’
701 2187 863 2238 αὐτοὺς
888 2187 1092 2243 ὥρμησεν
1124 2201 1222 2228 cum
1246 2185 1377 2228 Plut.:
1408 2184 1483 2228 καὶ
1507 2191 1694 2243 πορθῶν

121 2261 171 2306 ἐν
201 2263 302 2314 ὄψει
338 2261 420 2317 τὴν
451 2261 600 2317 χώραν
638 2259 721 2303 οὐκ
758 2258 892 2302 ἐκίνει
926 2259 1201 2314 πεπληγότας
1236 2257 1466 2312 πολλάκις,
1503 2257 1694 2308 ἀναστὰς

120 2333 321 2390 ἐβάδιζεν
353 2329 419 2375 ἐπ’
439 2329 690 2387 Ἀρτάξατα.
733 2329 877 2386 Ipsam
897 2330 950 2372 ad
967 2329 1196 2372 Arsaniam
1220 2329 1380 2371 flumen
1399 2344 1590 2386 pugnam
1609 2330 1692 2371 Dio

119 2403 285 2460 omisit,
322 2402 398 2446 sed
433 2417 542 2459 quae
580 2401 821 2459 generatim
858 2401 909 2444 de
939 2400 1160 2458 pugnandi
1192 2399 1358 2443 ratione
1390 2399 1693 2443 Armeniorum

120 2475 237 2531 dicit,
266 2489 365 2519 cum
396 2473 581 2532 singulis
610 2472 832 2516 Plutarchi
863 2473 992 2515 rebus
1024 2471 1309 2515 consentiunt.
1371 2471 1522 2527 Neque
1554 2471 1692 2528 magis

118 2548 362 2604 discrepant
386 2545 645 2589 Plutarchus
670 2547 714 2587 et
739 2544 836 2588 Dio
862 2559 963 2600 cap.
990 2546 1015 2587 8
1049 2544 1100 2586 de
1128 2543 1280 2599 causis,
1305 2543 1462 2599 quibus
1487 2543 1692 2586 Lucullus

120 2618 258 2662 redire
294 2621 467 2662 coactus
505 2616 579 2672 sit3
615 2630 800 2672 namque
838 2615 1034 2659 Sallustii
1070 2615 1260 2658 narratio
1299 2614 1361 2656 ita
1397 2616 1486 2657 fere
1524 2629 1691 2670 compo-

55 2682 57 2685 *
118 2690 260 2734 nenda
290 2692 368 2746 est,
398 2691 447 2732 ut
479 2691 522 2731 et
554 2690 786 2744 tempestas
811 2686 966 2746 (Plut.)
998 2690 1042 2729 et
1072 2688 1207 2729 fames
1238 2686 1371 2743 (Plut.
1404 2701 1501 2728 cum
1532 2685 1692 2744 Dione)

120 2765 164 2807 et
194 2761 372 2808 vulnera
408 2759 556 2819 gravia
587 2759 776 2802 militum
808 2757 934 2818 (Dio)
966 2758 1193 2802 coniuncta
1230 2758 1337 2800 iram
1375 2756 1691 2814 seditionesque

122 2833 334 2877 exercitus
360 2831 680 2886 concitaverint,
710 2831 866 2887 quibus
892 2830 1097 2874 Lucullus
1123 2833 1171 2872 ut
1198 2831 1483 2872 reverteretur
1507 2844 1690 2871 commo-

120 2909 193 2951 tus
229 2907 307 2949 est.
372 2903 539 2947 Deinde
577 2919 677 2960 cap.
714 2904 905 2947 14—15
943 2918 992 2946 ea
1030 2918 1052 2945 e
1083 2918 1146 2958 re,
1189 2901 1303 2958 quod
1340 2900 1500 2943 milites
1537 2900 1690 2943 Triarii
