1976 3190
294 159 348 200 12
787 157 942 194 Sallusti
965 158 1216 195 Historiarum
1240 158 1305 195 lib.
1326 160 1352 194 I.

291 266 351 309 IX
380 269 445 321 13,
471 265 518 324 2)
550 266 683 308 ‘iussu
708 265 903 322 Pompeii
934 267 979 309 in
1004 267 1148 310 Sicilia
1176 267 1229 310 ad
1255 266 1516 323 supplicium
1541 267 1693 311 ductus
1716 267 1845 324 peffit

216 339 272 382 52
292 353 316 379 a
347 337 558 379 militibus
596 337 776 379 demisse
812 339 854 379 et
884 338 1104 394 flebiliter,
1141 341 1189 380 ut
1222 339 1301 381 sibi
1332 338 1470 381 alvum
1500 338 1633 382 levwre
1667 337 1743 397 (fr.
1768 337 1846 398 52)
1947 327 1963 441 ᾗ

293 408 542 463 priusquam
568 408 784 463 expiraret
807 408 955 452 liceret
982 443 990 452 .
1012 443 1019 452 .
1041 444 1048 452 .
1076 424 1125 452 eo
1152 424 1285 465 usque
1309 424 1473 451 moram
1497 406 1683 466 trahens,
1714 409 1846 454 donec
1949 438 1962 459 ,ι

292 482 422 534 caput
453 478 543 521 eius
576 479 745 522 sordido
777 479 822 522 in
852 480 945 522 loco
977 481 1162 532 sedentis
1194 479 1541 523 abscinderetur'.
1601 479 1666 523 Ac
1695 483 1846 536 postea
1954 531 1959 547 1

290 550 522 605 Pompeius
559 553 707 592 contra
743 550 982 593 Domitium
1018 551 1209 594 Africam
1246 551 1510 607 provinciam
1549 554 1767 595 tenentem
1802 554 1848 596 et
1954 553 1968 601 ’ἓ

215 624 270 666 53
291 621 490 663 adversus
508 620 717 664 Numidas
737 621 914 664 bellavit
934 621 1010 679 (fr.
1024 621 1112 680 53).
1151 622 1268 665 Sulla
1287 624 1431 664 autem
1449 610 1610 665 Romae
1629 618 1846 679 triumpho
1955 622 1963 679 ιξ

289 692 439 734 habito
472 692 655 735 dictator
685 694 824 735 factus
854 693 1092 749 Felicisque
1126 694 1298 736 nomine
1333 693 1495 736 inditus
1527 693 1699 736 ‘multas
1729 693 1848 752 leges
1944 705 1955 723 ²

289 762 467 820 (Exup.
488 764 514 806 l.
534 762 580 821 1.)
607 766 651 806 et
678 764 771 806 iura
790 764 1078 820 praescripsit,
1110 764 1257 807 multis
1283 764 1531 807 civitatibus
1555 764 1848 808 immunitates

290 834 564 891 vectigalium
602 835 736 890 dedit,
772 835 932 877 multos
968 835 1163 878 Romana
1202 835 1374 878 civitate
1413 835 1620 892 donavit'3
1658 837 1848 879 attamen

289 905 403 948 haud
433 906 569 948 multo
601 909 701 961 post
733 906 944 948 dictatura
975 906 1285 962 consulatuque
1316 922 1407 950 sese
1439 906 1665 950 abdicavit.

928 1067 1209 1113 Fugmenta.

410 1141 517 1188 19³³.
566 1144 781 1186 Tantum
812 1143 1146 1199 antiquitatis
1172 1159 1420 1200 curaeque
1445 1143 1727 1203 maioribus
1751 1159 1844 1200 pro
1949 1176 1976 1192 1,

287 1214 472 1257 Italica
503 1218 658 1272 gente
690 1215 800 1258 fuit.

405 1308 510 1354 App.
562 1309 591 1354 (I
612 1313 655 1343 14
668 1309 712 1353 D,
740 1312 784 1343 15
797 1309 841 1354 K,
869 1312 912 1343 16
927 1308 969 1354 G,
994 1309 1012 1343 I
1035 1321 1070 1354 p.
1099 1311 1165 1343 275
1179 1308 1254 1354 Br.)
1281 1330 1324 1335 -—
1352 1309 1451 1345 Serv.
1478 1309 1528 1344 ad
1553 1308 1686 1356 Georg.
1709 1309 1744 1344 11
1763 1313 1842 1346 209.

290 1377 332 1381 -—
359 1356 497 1391 Fronto
522 1368 557 1401 p.
580 1360 646 1391 162
662 1356 744 1402 (N).

1959 1172 1976 1262 ,

1965 1272 1976 1342 ε

407 1432 571 1472 Oomm.
634 1433 901 1472 Antecessisse
938 1433 999 1472 his
1035 1433 1165 1472 verbis
1202 1430 1365 1473 illorum
1404 1433 1660 1473 consiliorum
1690 1433 1842 1484 exposi-
1875 1448 1878 1451 ·

288 1492 448 1543 tionem,
488 1492 633 1543 quibus
670 1505 731 1531 res
770 1506 815 1531 ac
850 1493 940 1531 iura
977 1492 1192 1532 sociorum·
1211 1506 1356 1545 augere
1395 1493 1631 1532 studuerant
1667 1494 1740 1532 aut
1775 1492 1845 1532 tri-
1874 1519 1879 1526 ι

288 1551 384 1589 buni
416 1553 488 1590 aut
519 1552 685 1603 equiteS,
718 1565 738 1591 e
769 1565 863 1592 voce
895 1555 1045 1591 temtum
1075 1552 1265 1602 sequitur.

406 1653 516 1699 20³⁶.
580 1653 719 1697 Citra
749 1654 937 1698 Padum
975 1655 1209 1698 omnibus
1239 1655 1322 1697 lex
1353 1654 1553 1698 Licinia
1582 1654 1846 1712 <in>grata
1872 1634 1876 1639 ῃ

288 1726 408 1768 fuit

405 1820 511 1865 App.
562 1794 719 1866 ζ1151),
744 1819 796 1854 111
821 1822 864 1854 81
878 1819 928 1864 K,
954 1819 1024 1855 ino.
1053 1822 1097 1855 67
1111 1819 1160 1864 D,
1185 1819 1220 1854 Π
1243 1831 1278 1864 p.
1301 1822 1368 1855 159
1382 1819 1457 1866 ΒΥ.)
1483 1841 1527 1846 -
1554 1819 1722 1864 Cledon..
1757 1849 1766 1856 .
1788 1823 1844 1856 76.

286 1866 298 1911 Η
316 1866 477 1914 Licinia]
496 1866 663 1902 Lucania
682 1867 730 1910 B,
755 1878 845 1903 corr.
868 1866 1056 1903 Casselius.
1083 1888 1127 1893 -—
1153 1866 1318 1914 ingrata]
1338 1868 1485 1912 conieci,
1510 1867 1629 1903 fratra
1647 1867 1696 1912 B,
1779 1866 1845 1903 udi
1968 1874 1976 1901 1·

289 1914 478 1959 Casselius,
502 1914 641 1950 frustra
672 1915 832 1961 Wayner
855 1926 899 1951 ac
924 1915 1069 1961 Mdhzy,
1094 1916 1218 1950 taetra
1243 1915 1403 1951 Diotsch.

406 1991 572 2030 Gomm.
638 1991 698 2030 De
741 1991 828 2042 lege
871 1991 1026 2030 Licinia
1062 1991 1196 2030 Mucia
1238 2004 1342 2030 anno
1383 1992 1436 2030 95
1480 1991 1582 2042 lata,
1627 1991 1678 2029 ad
1721 2002 1843 2041 quam

287 2052 556 2102 fragmentum
581 2052 757 2100 spectare
783 2051 1063 2101 prooemioque
1089 2050 1344 2089 tribuendum
1369 2062 1452 2089 esse
1475 2049 1579 2090 vidit
1601 2049 1724 2101 Kritz,
1755 2050 1843 2102 lege

287 2110 449 2149 Asconii
485 2111 617 2150 locum
655 2110 705 2148 ad
743 2109 819 2149 Cic.
854 2109 1005 2149 Cornel.
1038 2104 1093 2163 (p.
1129 2111 1181 2150 67
1210 2104 1313 2163 Or.):
1351 2103 1435 2162 ‘(L.
1470 2108 1843 2159 Licinius—Crassus

287 2171 327 2208 et
366 2169 407 2215 Q.
443 2170 599 2208 Mucius
638 2164 847 2222 Scaevola)
881 2202 887 2208 .
916 2202 922 2207 .
951 2202 958 2208 .
990 2170 1119 2221 legem
1151 2201 1158 2207 .
1186 2201 1192 2207 .
1221 2201 1228 2207 .
1260 2169 1307 2207 de
1343 2168 1524 2220 regendis
1561 2167 1603 2207 in
1640 2180 1714 2207 sua
1749 2168 1845 2208 civi-

287 2230 370 2267 tate
412 2229 527 2267 sociis
566 2229 607 2266 in
649 2229 861 2267 consulatu
897 2229 1089 2267 tulerunt.
1151 2229 1257 2266 Nam
1297 2240 1388 2267 cum
1428 2240 1584 2266 summa
1624 2227 1844 2278 cupiditate

287 2287 462 2327 civitatis
493 2289 695 2327 Romanae
727 2288 859 2327 Italici
897 2288 1037 2338 populi
1074 2289 1305 2326 tenerentur
1340 2289 1380 2326 et
1417 2287 1466 2326 ob
1497 2287 1539 2325 id
1575 2299 1721 2339 magna
1750 2299 1843 2337 pars

287 2360 423 2386 eorum
454 2361 525 2397 pro
558 2347 710 2386 civibus
735 2347 925 2386 Romanis
957 2360 996 2386 se
1028 2349 1219 2398 gererent,
1251 2346 1472 2385 necessaria
1495 2347 1559 2385 lex
1583 2346 1669 2386 visa
1694 2348 1764 2398 est,
1795 2348 1844 2384 ut

287 2407 327 2444 in
360 2419 455 2445 suae
488 2406 657 2457 quisque
689 2406 865 2445 civitatis
897 2407 959 2445 ius
990 2406 1246 2458 redigeretur.
1300 2406 1450 2444 Verum
1482 2417 1528 2444 ea
1558 2406 1636 2454 leye
1665 2407 1722 2451 ita
1752 2407 1844 2444 alie-

286 2468 371 2504 nati
395 2467 520 2505 afnimi
543 2469 635 2504 swnt
657 2467 884 2514 principum
908 2467 1136 2504 Italicorum
1159 2466 1407 2514 populorum,
1438 2466 1486 2503 ut
1510 2477 1557 2503 ea
1581 2465 1646 2504 vel
1670 2465 1844 2504 maxim3.

287 2538 408 2564 causa
437 2525 533 2571 belli
565 2525 706 2576 Italici,
740 2525 846 2575 quod
877 2527 969 2575 post
998 2524 1214 2563 triennium
1245 2526 1425 2563 exortum
1457 2525 1526 2574 est,
1558 2520 1707 2563 fuerit.'

406 2627 515 2672 21³⁶.
576 2627 743 2683 Atque
775 2628 936 2670 omnis
966 2627 1120 2669 Italia
1150 2627 1334 2669 animis
1365 2625 1617 2669 discessit.

405 2721 510 2766 App.
562 2721 647 2766 (Inc.
676 2720 758 2766 2D,
784 2720 801 2755 I
821 2724 864 2755 16
878 2720 927 2765 K,
954 2721 1034 2755 124
1049 2720 1104 2765 G.)
1131 2742 1175 2746 ——
1207 2720 1342 2755 Adnot.
1376 2719 1425 2754 ad
1450 2719 1586 2755 Lucan.
1613 2719 1665 2754 III
1690 2722 1769 2754 632.
1797 2740 1841 2747 -—

287 2768 380 2804 Ibid.
401 2769 452 2803 VI
471 2772 539 2803 347
567 2770 675 2813 (deest
698 2770 740 2803 in
766 2767 798 2803 0
817 2769 867 2803 ad
891 2768 950 2803 lib.
979 2769 1048 2811 VI,
1078 2769 1119 2803 in
1151 2769 1186 2803 V
1204 2772 1354 2813 utroque
1379 2768 1479 2811 loco).
1511 2769 1522 2811 ΙΙ
1554 2766 1673 2801 omnis
1716 2776 1842 2801 omnes

294 2816 345 2850 W
364 2817 423 2851 lib.
452 2817 514 2851 VI.
542 2837 586 2842 —
612 2815 763 2862 animis]
790 2815 902 2850 armis
934 2816 1046 2859 atque
1073 2815 1207 2849 animis
1233 2816 1324 2850 com'.
1359 2815 1466 2861 Voyel
1489 2815 1618 2850 collato
1684 2825 1771 2867 eyes.
1796 2814 1848 2848 II

287 2866 321 2905 1,
343 2866 399 2898 75.
420 2867 466 2888 —'
486 2862 672 2909 discessit]
695 2862 855 2898 discedit
876 2863 922 2906 G,
949 2861 1135 2897 discendit
1156 2863 1194 2907 C,
1221 2861 1400 2897 discindit
1424 2862 1475 2898 W
1489 2862 1547 2897 lib.
1567 2862 1647 2906 III,
1670 2859 1842 2896 discessit

294 2910 383 2946 WG
409 2911 468 2947 lib.
498 2912 559 2947 VI.
