1976 3190
265 178 320 219 68
714 182 716 185 ’
749 175 904 211 Sallusti
929 175 1178 218 Historiarum
1203 175 1268 212 lib.
1289 176 1332 212 H.

265 288 308 326 et
333 299 429 326 cum
454 283 657 325 Lucullus
683 283 738 339 id,
764 283 877 339 quod
897 283 1044 326 Graeci
1071 284 1363 340 postulabant,
1389 283 1654 338 decrevisset,
1678 283 1822 346 appel-

265 355 369 397 lavit
401 355 599 396 tribunos
629 353 845 396 Antonius
877 354 1117 410 iuravitque
1155 369 1199 396 se
1232 354 1274 395 id
1312 354 1453 396 forum
1491 353 1674 409 eiurare,
1709 353 1824 410 quod

265 440 400 480 aequo
433 425 523 467 iure
548 425 612 466 uti
638 440 725 467 non
751 426 924 480 posset.’
974 425 1064 467 Iam
1090 440 1186 467 vere
1212 425 1311 467 anni
1340 426 1395 467 76
1419 404 1660 466 vehem²enti
1685 427 1823 486 terrae

266 499 387 538 motu
418 511 622 538 concussa
654 499 719 538 est
749 495 892 551 Italia,
929 496 1077 538 eodem
1115 499 1267 538 autem
1296 498 1416 537 motu
1454 495 1583 537 etiam
1613 494 1824 551 Hispania

191 569 245 609 28
267 566 458 623 affligata
491 582 581 609 esse
612 567 780 609 videtur
812 565 888 624 (fr.
916 566 1004 624 28).

384 637 528 692 Atque
578 638 623 679 in
666 638 876 693 Hispania
925 637 1076 679 nuntio
1127 638 1177 679 de
1221 637 1417 692 Pompeii
1466 636 1651 679 adventu
1693 636 1823 680 allato

266 708 321 749 M.
353 708 582 765 Perperna,
614 708 687 764 qui
719 723 815 751 cum
848 708 1038 750 exercitu
1062 708 1280 763 Lepidano
1313 710 1461 749 contra
1491 707 1708 750 Romanos
1738 707 1825 750 bel-

266 779 382 835 lavit,
409 795 433 821 a
453 779 666 821 militibus
686 782 857 822 coactus
878 782 942 821 est
968 794 1064 821 cum
1085 779 1272 821 Sertorio
1299 794 1390 821 sese
1417 778 1657 821 consociare
1676 778 1855 838 (PlUss·.„

266 849 389 891 Sert.
416 866 448 892 c.
472 849 557 907 15).
608 850 690 892 Sed
715 850 959 905 Pompeius,
990 865 1087 891 cum
1112 850 1156 891 in
1180 849 1436 905 Hispaniam
1461 849 1691 905 invaderet,
1715 863 1827 892 com-
1850 840 1857 847 '¹

266 921 411 975 plures
442 924 593 978 gentes
624 936 648 962 a
680 920 869 962 Sertorio
902 921 1157 976 deficientes,
1188 921 1306 963 velut
1336 921 1570 962 Lacetanos
1600 918 1826 962 Indicetes-

266 1006 360 1046 que,
392 992 436 1033 in
461 992 751 1033 Romanorum
779 994 1039 1046 potestatem
1070 991 1246 1047 accepit,
1278 992 1462 1033 adventu
1492 1005 1591 1033 vero
1623 990 1714 1033 eius
1744 991 1837 1033 fae--

266 1065 359 1103 tum
397 1065 478 1118 est,
522 1065 570 1103 ut
601 1062 799 1104 Metellus
837 1062 1084 1118 socordiam,
1128 1077 1212 1117 qua
1249 1065 1374 1104 antea
1413 1078 1514 1104 usus
1555 1064 1657 1118 erat,
1696 1076 1826 1116 quam

266 1133 451 1175 maxime
477 1133 665 1175 abiceret
690 1132 839 1190 (Plut.
865 1133 1032 1188 Pomp.
1059 1148 1091 1175 6.
1122 1132 1207 1190 18).
1256 1133 1400 1188 Atque
1426 1148 1522 1175 cum
1547 1147 1682 1188 prope
1707 1147 1825 1174 oram

265 1204 524 1246 maritimam
549 1204 800 1259 procederet
826 1207 869 1245 et
894 1204 1133 1246 Lauronem
1159 1219 1293 1259 usque
1319 1204 1562 1260 perveniret
1587 1218 1612 1245 a
1637 1202 1825 1246 Sertorio

266 1277 369 1317 tunc
407 1275 642 1330 obsessam,
688 1275 872 1317 eximere
911 1275 1133 1317 obsidione
1172 1275 1283 1317 cives
1323 1274 1505 1330 studuit,
1547 1277 1693 1316 tamen
1734 1273 1825 1316 sine

266 1345 430 1400 proelio
470 1345 560 1387 sola
597 1344 774 1387 Sertorii
813 1345 967 1387 bellica
1009 1348 1099 1387 arte
1143 1345 1224 1387 hoc
1262 1344 1439 1387 consilio
1477 1343 1723 1399 prohibitus
1760 1347 1825 1386 est

267 1414 415 1472 (Plut.
443 1415 567 1458 Sert.
601 1431 631 1458 6.
662 1414 754 1472 18),
787 1416 905 1458 brevi
937 1419 1037 1471 post
1063 1416 1369 1470 pabulatorum
1393 1430 1568 1457 manum
1593 1414 1826 1457 Sertoriani

266 1487 432 1529 insidiis
464 1487 832 1529 circumvenerunt
862 1479 1162 1543 legionemque
1194 1502 1218 1528 a
1242 1486 1450 1541 Pompeio
1483 1485 1674 1528 subsidio
1706 1485 1826 1528 emis-

267 1573 356 1599 sam
394 1558 610 1613 utrimque
648 1558 785 1600 adorti
824 1561 960 1600 totam
997 1558 1085 1600 fere
1125 1573 1219 1600 cum
1255 1558 1305 1600 D.
1337 1557 1482 1599 Laelio
1519 1551 1663 1613 legato
1700 1556 1827 1599 inter-

55 1630 249 1686 29,30,31
267 1629 460 1671 fecerunt
486 1627 730 1686 (Frontin.
757 1628 799 1671 H
825 1630 864 1685 5,
884 1631 952 1685 31,
983 1629 1089 1671 adde
1114 1629 1170 1671 fr.
1192 1627 1396 1686 29—31).
1447 1628 1612 1679 Quibus
1630 1627 1826 1683 Pompeii

190 1702 246 1743 32
267 1700 459 1742 cladibus
485 1700 671 1755 permoti
696 1714 835 1755 neque
861 1700 948 1742 ullo
976 1700 1135 1742 circum
1155 1700 1314 1742 auxilio
1341 1698 1416 1756 (fr.
1438 1697 1514 1756 32)
1533 1699 1826 1741 Lauronenses

266 1772 403 1813 salute
435 1771 656 1827 desperata
688 1786 732 1812 se
765 1771 1028 1813 dediderunt.

384 1841 499 1892 Quae
526 1856 622 1883 cum
648 1845 887 1898 agerentur,
912 1842 1112 1883 Metellus
1138 1841 1183 1883 in
1208 1841 1410 1883 ulteriore
1429 1840 1656 1896 ,provincia
1680 1840 1826 1883 Hirtu-

266 1913 398 1955 leium
428 1912 602 1954 Italicae
640 1913 751 1954 fudit
789 1912 1057 1969 fugavitque,
1096 1912 1193 1954 dein
1231 1912 1283 1953 ad
1314 1911 1650 1967 septentrionem
1680 1926 1827 1954 versus

267 1984 485 2039 profectus
511 1986 587 2037 est,
618 1987 666 2024 ut
698 1998 794 2026 cum
818 1983 1015 2038 Pompeii
1042 1983 1174 2038 copiis
1201 1998 1291 2025 sese
1317 1983 1607 2039 coniungeret,
1637 1985 1827 2025 attamen

267 2055 519 2097 ‘defectione
558 2054 770 2096 sociorum
808 2057 851 2095 et
883 2053 1079 2096 Sertoriim
1098 2069 1176 2109 per
1206 2053 1365 2095 montis
1395 2053 1499 2109 fuga
1529 2068 1667 2108 neque
1698 2067 1826 2096 manu

265 2127 442 2168 certare'
475 2125 559 2182 (01·-
587 2125 715 2167 Cott.
743 2123 789 2182 6)
816 2127 1063 2180 potuerunt,
1094 2125 1167 2166 sed
1199 2124 1243 2166 in
1268 2124 1449 2166 hiberna
1474 2124 1667 2166 recedere
1691 2123 1827 2166 coacti

191 2199 246 2239 33
268 2200 385 2253 sunt,
424 2197 568 2251 itaque
600 2195 800 2237 Metellus
831 2195 876 2236 in
909 2186 1090 2237 Galliam
1128 2194 1391 2249 provinciam
1429 2194 1602 2236 recessit
1633 2193 1709 2251 (fr.
1736 2193 1825 2252 33),

266 2267 497 2322 Pompeius
554 2266 759 2308 ‘hiemem
816 2265 965 2308 castris
1021 2266 1133 2307 inter
1188 2265 1458 2307 saevissimos
1512 2265 1670 2307 hostis'
1725 2263 1768 2322 (e
1762 2281 1824 2320 ‚p.

192 2340 248 2381 34
268 2338 431 2394 Pomp.
460 2337 506 2395 5)
539 2337 646 2394 egit,
684 2337 802 2378 exuti
840 2352 939 2378 vero
972 2336 1154 2391 pecnnia
1185 2336 1405 2391 copiisque
1437 2334 1512 2393 (fr.
1540 2335 1616 2393 34)
1652 2336 1826 2391 ‘stipen-

268 2409 397 2464 dium,
428 2408 599 2463 milites,
637 2423 764 2462 arma,
795 2408 1075 2449 frumentum’
1106 2406 1193 2464 (or,
1225 2406 1353 2448 Cott.
1380 2405 1428 2464 6)
1459 2421 1484 2447 a
1514 2409 1664 2448 senatu
1695 2421 1825 2461 popo—

267 2482 448 2522 scerunt.
512 2478 670 2520 Contra
702 2478 934 2534 Sertorius,
966 2478 1034 2520 cui
1065 2478 1200 2534 totius
1231 2478 1405 2519 aderant
1436 2477 1671 2532 Hispaniae
1709 2492 1824 2534 opes,

267 2565 433 2592 summa
463 2549 672 2592 industria
710 2563 777 2590 res
815 2549 867 2590 ad
905 2549 1067 2590 bellum
1104 2551 1266 2590 aestate
1304 2548 1500 2602 proxima
1531 2547 1822 2604 redintegran-

192 2623 247 2665 35
270 2621 370 2662 dum
401 2620 660 2663 necessarias
691 2620 963 2674 praeparavit
995 2618 1070 2676 (fr.
1098 2618 1185 2677 35).

385 2691 467 2733 Sed
498 2691 647 2733 eodem
677 2706 788 2733 anno
821 2690 865 2731 in
890 2690 1137 2732 Macedonia
1168 2689 1387 2745 provincia
1417 2689 1586 2744 Appius
1613 2664 1824 2745 Claudius,

268 2766 497 2817 postquam
529 2763 752 2804 adversum
776 2761 950 2802 Maedos
982 2765 1110 2816 atque
1140 2761 1183 2802 in
1209 2760 1418 2802 Dardanis
1449 2756 1589 2802 minsis
1621 2775 1824 2815 prospere

103 2836 170 2890 36,
191 2835 244 2876 37
268 2848 334 2874 res
372 2833 504 2889 gessit
536 2832 611 2890 (fr.
638 2832 733 2890 36),
770 2832 920 2892 morbo
959 2835 1180 2886 correptus
1218 2831 1327 2873 obiit
1365 2830 1439 2888 (fr.
1468 2832 1556 2886 37).
1619 2830 1748 2873 Cuius
1780 2831 1825 2872 in

267 2903 406 2946 locum
440 2904 481 2945 O.
516 2893 655 2946 Curio⁴
681 2897 890 2945 eonsul‘a
922 2906 1087 2944 senatu·
1110 2903 1263 2944 missus
1295 2905 1377 2958 est3
1415 2901 1487 2957 qui
1526 2916 1622 2943 cum
1654 2901 1695 2943 in
1728 2917 1824 2957 pro—
