<?xml version="1.0" encoding="UTF-8"?>
<!DOCTYPE html PUBLIC "-//W3C//DTD XHTML 1.0 Transitional//EN"
    "http://www.w3.org/TR/xhtml1/DTD/xhtml1-transitional.dtd">
<html xmlns="http://www.w3.org/1999/xhtml" xml:lang="en" lang="en">
 <head>
  <title>
</title>
<meta http-equiv="Content-Type" content="text/html;charset=utf-8" />
  <meta name='ocr-system' content='tesseract 3.04.00' />
  <meta name='ocr-capabilities' content='ocr_page ocr_carea ocr_par ocr_line ocrx_word'/>
</head>
<body>
  <div class='ocr_page' id='page_1' title='image "./historiarumreliq00salluoft_0030.png"; bbox 0 0 1916 3178; ppageno 0'>
   <div class='ocr_carea' id='block_1_1' title="bbox 894 151 1182 192">
    <p class='ocr_par' dir='ltr' id='par_1_1' title="bbox 894 151 1182 192">
     <span class='ocr_line' id='line_1_1' title="bbox 894 151 1182 192; baseline 0.003 -13"><span class='ocrx_word' id='word_1_1' title='bbox 894 151 1182 192; x_wconf 67' lang='lat'>-20—</span> 
     </span>
    </p>
   </div>
   <div class='ocr_carea' id='block_1_2' title="bbox 260 252 1916 1723">
    <p class='ocr_par' dir='ltr' id='par_1_2' title="bbox 260 252 1916 946">
     <span class='ocr_line' id='line_1_2' title="bbox 262 252 1894 311; baseline -0.002 -12"><span class='ocrx_word' id='word_1_2' title='bbox 262 272 358 299; x_wconf 88' lang='lat' dir='ltr'>cum</span> <span class='ocrx_word' id='word_1_3' title='bbox 395 259 571 298; x_wconf 88' lang='lat' dir='ltr'>conatur</span> <span class='ocrx_word' id='word_1_4' title='bbox 601 255 786 310; x_wconf 84' lang='lat' dir='ltr'>Lepidus</span> <span class='ocrx_word' id='word_1_5' title='bbox 818 255 862 296; x_wconf 91' lang='lat' dir='ltr'>in</span> <span class='ocrx_word' id='word_1_6' title='bbox 900 270 976 297; x_wconf 93' lang='lat' dir='ltr'>suo</span> <span class='ocrx_word' id='word_1_7' title='bbox 1016 255 1239 298; x_wconf 75' lang='lat' dir='ltr'>consulatu</span> <span class='ocrx_word' id='word_1_8' title='bbox 1271 254 1531 296; x_wconf 85' lang='lat' dir='ltr'>subvertere’</span> <span class='ocrx_word' id='word_1_9' title='bbox 1543 252 1576 311; x_wconf 88' lang='lat'>¹)</span> <span class='ocrx_word' id='word_1_10' title='bbox 1612 257 1656 297; x_wconf 87' lang='lat' dir='ltr'>et</span> <span class='ocrx_word' id='word_1_11' title='bbox 1686 254 1816 298; x_wconf 84' lang='lat' dir='ltr'>schol.</span> <span class='ocrx_word' id='word_1_12' title='bbox 1891 280 1894 282; x_wconf 27' lang='grc' dir='ltr'>ψ</span> 
     </span>
     <span class='ocr_line' id='line_1_3' title="bbox 263 320 1896 383; baseline -0.001 -14"><span class='ocrx_word' id='word_1_13' title='bbox 263 327 388 369; x_wconf 83' lang='lat' dir='ltr'>Gron.</span> <span class='ocrx_word' id='word_1_14' title='bbox 414 343 452 382; x_wconf 88' lang='lat' dir='ltr'>p.</span> <span class='ocrx_word' id='word_1_15' title='bbox 473 328 560 368; x_wconf 85' lang='lat'>410</span> <span class='ocrx_word' id='word_1_16' title='bbox 579 324 767 383; x_wconf 82' lang='lat' dir='ltr'>(Orell.):</span> <span class='ocrx_word' id='word_1_17' title='bbox 802 325 986 367; x_wconf 80' lang='lat' dir='ltr'>‘volebat</span> <span class='ocrx_word' id='word_1_18' title='bbox 1018 326 1249 382; x_wconf 85' lang='lat' dir='ltr'>infringere</span> <span class='ocrx_word' id='word_1_19' title='bbox 1277 328 1370 367; x_wconf 86' lang='lat' dir='ltr'>acta</span> <span class='ocrx_word' id='word_1_20' title='bbox 1395 324 1595 368; x_wconf 69' lang='lat' dir='ltr'>Sullana?</span> <span class='ocrx_word' id='word_1_21' title='bbox 1631 325 1669 368; x_wconf 83' lang='lat' dir='ltr'><strong>E</strong></span> <span class='ocrx_word' id='word_1_22' title='bbox 1688 324 1817 368; x_wconf 77' lang='lat' dir='ltr'>Floro</span> <span class='ocrx_word' id='word_1_23' title='bbox 1890 320 1896 324; x_wconf 58' lang='grc'>’</span> 
     </span>
     <span class='ocr_line' id='line_1_4' title="bbox 263 395 1818 451; baseline 0 -13"><span class='ocrx_word' id='word_1_24' title='bbox 263 398 408 439; x_wconf 88' lang='lat' dir='ltr'>eadem</span> <span class='ocrx_word' id='word_1_25' title='bbox 451 396 634 438; x_wconf 86' lang='lat' dir='ltr'>mutuati</span> <span class='ocrx_word' id='word_1_26' title='bbox 678 399 777 438; x_wconf 89' lang='lat' dir='ltr'>sunt</span> <span class='ocrx_word' id='word_1_27' title='bbox 820 399 927 438; x_wconf 88' lang='lat' dir='ltr'>auct.</span> <span class='ocrx_word' id='word_1_28' title='bbox 972 397 1022 438; x_wconf 87' lang='lat' dir='ltr'>de</span> <span class='ocrx_word' id='word_1_29' title='bbox 1060 396 1134 438; x_wconf 85' lang='lat' dir='ltr'>vir.</span> <span class='ocrx_word' id='word_1_30' title='bbox 1173 397 1231 438; x_wconf 88' lang='lat' dir='ltr'>ill.</span> <span class='ocrx_word' id='word_1_31' title='bbox 1270 412 1302 438; x_wconf 89' lang='lat' dir='ltr'>c.</span> <span class='ocrx_word' id='word_1_32' title='bbox 1340 397 1416 438; x_wconf 83' lang='lat'>47:</span> <span class='ocrx_word' id='word_1_33' title='bbox 1459 395 1683 451; x_wconf 66' lang='lat' dir='ltr'>‘Lepidum</span> <span class='ocrx_word' id='word_1_34' title='bbox 1722 398 1818 449; x_wconf 83' lang='lat' dir='ltr'>acta</span> 
     </span>
     <span class='ocr_line' id='line_1_5' title="bbox 263 465 1817 523; baseline -0.001 -14"><span class='ocrx_word' id='word_1_35' title='bbox 263 467 403 510; x_wconf 81' lang='lat' dir='ltr'>Sullae</span> <span class='ocrx_word' id='word_1_36' title='bbox 441 467 677 509; x_wconf 81' lang='lat' dir='ltr'>rescindere</span> <span class='ocrx_word' id='word_1_37' title='bbox 714 467 928 509; x_wconf 87' lang='lat' dir='ltr'>volentem</span> <span class='ocrx_word' id='word_1_38' title='bbox 964 467 1155 522; x_wconf 87' lang='lat' dir='ltr'>privatus</span> <span class='ocrx_word' id='word_1_39' title='bbox 1192 467 1316 509; x_wconf 90' lang='lat' dir='ltr'>Italia</span> <span class='ocrx_word' id='word_1_40' title='bbox 1353 466 1540 523; x_wconf 85' lang='lat' dir='ltr'>fugavit’</span> <span class='ocrx_word' id='word_1_41' title='bbox 1578 469 1621 508; x_wconf 90' lang='lat' dir='ltr'>et</span> <span class='ocrx_word' id='word_1_42' title='bbox 1650 465 1817 522; x_wconf 89' lang='lat' dir='ltr'>Ampel.</span> 
     </span>
     <span class='ocr_line' id='line_1_6' title="bbox 262 536 1817 593; baseline 0 -14"><span class='ocrx_word' id='word_1_43' title='bbox 262 539 334 580; x_wconf 90' lang='lat' dir='ltr'>lib.</span> <span class='ocrx_word' id='word_1_44' title='bbox 368 554 489 580; x_wconf 89' lang='lat' dir='ltr'>mem.</span> <span class='ocrx_word' id='word_1_45' title='bbox 522 553 554 580; x_wconf 88' lang='lat' dir='ltr'>c.</span> <span class='ocrx_word' id='word_1_46' title='bbox 584 540 648 581; x_wconf 84' lang='lat'>19:</span> <span class='ocrx_word' id='word_1_47' title='bbox 693 537 890 580; x_wconf 79' lang='lat' dir='ltr'>‘Catulus</span> <span class='ocrx_word' id='word_1_48' title='bbox 928 538 1000 593; x_wconf 91' lang='lat' dir='ltr'>qui</span> <span class='ocrx_word' id='word_1_49' title='bbox 1032 538 1239 593; x_wconf 90' lang='lat' dir='ltr'>Lepidum</span> <span class='ocrx_word' id='word_1_50' title='bbox 1276 540 1370 579; x_wconf 88' lang='lat' dir='ltr'>acta</span> <span class='ocrx_word' id='word_1_51' title='bbox 1402 537 1543 579; x_wconf 83' lang='lat' dir='ltr'>Sullae</span> <span class='ocrx_word' id='word_1_52' title='bbox 1580 536 1817 580; x_wconf 82' lang='lat' dir='ltr'>rescindere</span> 
     </span>
     <span class='ocr_line' id='line_1_7' title="bbox 262 606 1907 666; baseline -0.001 -16"><span class='ocrx_word' id='word_1_53' title='bbox 262 609 475 650; x_wconf 86' lang='lat' dir='ltr'>volentem</span> <span class='ocrx_word' id='word_1_54' title='bbox 518 609 688 650; x_wconf 90' lang='lat' dir='ltr'>admoto</span> <span class='ocrx_word' id='word_1_55' title='bbox 727 608 913 650; x_wconf 83' lang='lat' dir='ltr'>exercitu</span> <span class='ocrx_word' id='word_1_56' title='bbox 954 607 1024 666; x_wconf 86' lang='lat' dir='ltr'>(cf.</span> <span class='ocrx_word' id='word_1_57' title='bbox 1057 608 1168 650; x_wconf 89' lang='lat' dir='ltr'>Flor.</span> <span class='ocrx_word' id='word_1_58' title='bbox 1199 608 1226 650; x_wconf 91' lang='lat' dir='ltr'>l.</span> <span class='ocrx_word' id='word_1_59' title='bbox 1257 608 1284 650; x_wconf 90' lang='lat' dir='ltr'>l.</span> <span class='ocrx_word' id='word_1_60' title='bbox 1317 611 1342 661; x_wconf 62' lang='grc' dir='ltr'>ξ</span> <span class='ocrx_word' id='word_1_61' title='bbox 1373 606 1421 664; x_wconf 84' lang='lat'>5)</span> <span class='ocrx_word' id='word_1_62' title='bbox 1458 606 1582 649; x_wconf 85' lang='lat' dir='ltr'>Italia</span> <span class='ocrx_word' id='word_1_63' title='bbox 1617 607 1820 664; x_wconf 80' lang='lat' dir='ltr'>fugavit&#39;,</span> <span class='ocrx_word' id='word_1_64' title='bbox 1906 615 1907 618; x_wconf 76' lang='grc'>’</span> 
     </span>
     <span class='ocr_line' id='line_1_8' title="bbox 260 677 1894 736; baseline -0.002 -15"><span class='ocrx_word' id='word_1_65' title='bbox 260 695 337 721; x_wconf 86' lang='grc'><strong>1100</strong></span> <span class='ocrx_word' id='word_1_66' title='bbox 374 695 461 722; x_wconf 85' lang='grc'><strong>11011</strong></span> <span class='ocrx_word' id='word_1_67' title='bbox 491 679 761 736; x_wconf 71' lang='lat' dir='ltr'>Augustinus</span> <span class='ocrx_word' id='word_1_68' title='bbox 800 679 850 721; x_wconf 91' lang='lat' dir='ltr'>de</span> <span class='ocrx_word' id='word_1_69' title='bbox 888 679 963 721; x_wconf 87' lang='lat' dir='ltr'>civ.</span> <span class='ocrx_word' id='word_1_70' title='bbox 1001 679 1082 720; x_wconf 92' lang='lat' dir='ltr'>Dei</span> <span class='ocrx_word' id='word_1_71' title='bbox 1113 678 1175 720; x_wconf 89' lang='lat' dir='ltr'>HI</span> <span class='ocrx_word' id='word_1_72' title='bbox 1206 680 1279 722; x_wconf 85' lang='lat'>30:</span> <span class='ocrx_word' id='word_1_73' title='bbox 1321 679 1450 720; x_wconf 64' lang='lat' dir='ltr'>qalter</span> <span class='ocrx_word' id='word_1_74' title='bbox 1487 677 1819 735; x_wconf 35' lang='lat' dir='ltr'>gesta&#39;Sullana</span> <span class='ocrx_word' id='word_1_75' title='bbox 1892 715 1894 718; x_wconf 92' lang='lat'>.</span> 
     </span>
     <span class='ocr_line' id='line_1_9' title="bbox 260 748 1916 810; baseline 0 -19"><span class='ocrx_word' id='word_1_76' title='bbox 260 751 497 792; x_wconf 83' lang='lat' dir='ltr'>rescindere</span> <span class='ocrx_word' id='word_1_77' title='bbox 542 750 762 806; x_wconf 87' lang='lat' dir='ltr'>cupiebat&#39;</span> <span class='ocrx_word' id='word_1_78' title='bbox 806 753 849 792; x_wconf 89' lang='lat' dir='ltr'>et</span> <span class='ocrx_word' id='word_1_79' title='bbox 894 765 980 805; x_wconf 89' lang='lat' dir='ltr'>per.</span> <span class='ocrx_word' id='word_1_80' title='bbox 1026 751 1099 792; x_wconf 85' lang='lat'>90:</span> <span class='ocrx_word' id='word_1_81' title='bbox 1154 750 1361 805; x_wconf 75' lang='lat' dir='ltr'>‘Lepidus</span> <span class='ocrx_word' id='word_1_82' title='bbox 1405 764 1501 792; x_wconf 88' lang='lat' dir='ltr'>cum</span> <span class='ocrx_word' id='word_1_83' title='bbox 1543 752 1638 792; x_wconf 88' lang='lat' dir='ltr'>acta</span> <span class='ocrx_word' id='word_1_84' title='bbox 1678 748 1820 793; x_wconf 85' lang='lat' dir='ltr'>Sullae</span> <span class='ocrx_word' id='word_1_85' title='bbox 1896 750 1916 810; x_wconf 63' lang='lat'>4¹</span> 
     </span>
     <span class='ocr_line' id='line_1_10' title="bbox 263 820 1916 876; baseline 0 -13"><span class='ocrx_word' id='word_1_86' title='bbox 263 824 492 876; x_wconf 88' lang='lat' dir='ltr'>temptaret</span> <span class='ocrx_word' id='word_1_87' title='bbox 523 820 787 863; x_wconf 62' lang='lat' dir='ltr'>rescindere?</span> <span class='ocrx_word' id='word_1_88' title='bbox 1913 820 1916 836; x_wconf 67' lang='lat'>³</span> 
     </span>
     <span class='ocr_line' id='line_1_11' title="bbox 379 889 1821 946; baseline -0.001 -12"><span class='ocrx_word' id='word_1_89' title='bbox 379 892 573 934; x_wconf 76' lang='lat' dir='ltr'>Breviter</span> <span class='ocrx_word' id='word_1_90' title='bbox 593 891 814 934; x_wconf 84' lang='lat' dir='ltr'>seditionis</span> <span class='ocrx_word' id='word_1_91' title='bbox 833 891 1072 946; x_wconf 89' lang='lat' dir='ltr'>Lepidanae</span> <span class='ocrx_word' id='word_1_92' title='bbox 1092 891 1352 933; x_wconf 87' lang='lat' dir='ltr'>mentionem</span> <span class='ocrx_word' id='word_1_93' title='bbox 1371 890 1563 932; x_wconf 84' lang='lat' dir='ltr'>fecerunt</span> <span class='ocrx_word' id='word_1_94' title='bbox 1581 889 1821 934; x_wconf 81' lang='lat' dir='ltr'>Valerius</span> 
     </span>
    </p>

    <p class='ocr_par' dir='ltr' id='par_1_3' title="bbox 264 960 1825 1159">
     <span class='ocr_line' id='line_1_12' title="bbox 264 960 1820 1019; baseline -0.001 -15"><span class='ocrx_word' id='word_1_95' title='bbox 264 962 518 1005; x_wconf 87' lang='lat' dir='ltr'>Maximus</span> <span class='ocrx_word' id='word_1_96' title='bbox 549 962 590 1005; x_wconf 91' lang='lat' dir='ltr'><strong>H</strong></span> <span class='ocrx_word' id='word_1_97' title='bbox 622 964 666 1019; x_wconf 83' lang='lat'>8,</span> <span class='ocrx_word' id='word_1_98' title='bbox 693 964 716 1004; x_wconf 82' lang='lat'>7</span> <span class='ocrx_word' id='word_1_99' title='bbox 757 965 799 1003; x_wconf 89' lang='lat' dir='ltr'>et</span> <span class='ocrx_word' id='word_1_100' title='bbox 835 961 1100 1017; x_wconf 90' lang='lat' dir='ltr'>Ampelius</span> <span class='ocrx_word' id='word_1_101' title='bbox 1137 977 1169 1003; x_wconf 90' lang='grc'>0.</span> <span class='ocrx_word' id='word_1_102' title='bbox 1201 963 1271 1017; x_wconf 85' lang='lat'>40,</span> <span class='ocrx_word' id='word_1_103' title='bbox 1302 963 1340 1004; x_wconf 80' lang='lat'>2.</span> <span class='ocrx_word' id='word_1_104' title='bbox 1374 986 1427 991; x_wconf 87' lang='lat'>—-</span> <span class='ocrx_word' id='word_1_105' title='bbox 1467 960 1639 1003; x_wconf 82' lang='lat' dir='ltr'>Oladem</span> <span class='ocrx_word' id='word_1_106' title='bbox 1670 960 1820 1017; x_wconf 75' lang='lat' dir='ltr'>Lepidi</span> 
     </span>
     <span class='ocr_line' id='line_1_13' title="bbox 271 1031 1825 1075; baseline 0 -1"><span class='ocrx_word' id='word_1_107' title='bbox 271 1033 404 1075; x_wconf 85' lang='lat' dir='ltr'>Cosae</span> <span class='ocrx_word' id='word_1_108' title='bbox 448 1034 604 1075; x_wconf 85' lang='lat' dir='ltr'>factam</span> <span class='ocrx_word' id='word_1_109' title='bbox 642 1034 945 1075; x_wconf 82' lang='lat' dir='ltr'>commemorat</span> <span class='ocrx_word' id='word_1_110' title='bbox 987 1032 1218 1074; x_wconf 88' lang='lat' dir='ltr'>Rutilius</span> <span class='ocrx_word' id='word_1_111' title='bbox 1249 1031 1583 1074; x_wconf 87' lang='lat' dir='ltr'>Namatianus</span> <span class='ocrx_word' id='word_1_112' title='bbox 1625 1031 1825 1074; x_wconf 83' lang='lat' dir='ltr'>carminis</span> 
     </span>
     <span class='ocr_line' id='line_1_14' title="bbox 268 1102 1632 1159; baseline -0.001 -14"><span class='ocrx_word' id='word_1_113' title='bbox 268 1103 340 1145; x_wconf 77' lang='lat' dir='ltr'>‘de</span> <span class='ocrx_word' id='word_1_114' title='bbox 372 1104 511 1145; x_wconf 86' lang='lat' dir='ltr'>reditu</span> <span class='ocrx_word' id='word_1_115' title='bbox 543 1103 643 1145; x_wconf 87' lang='lat' dir='ltr'>suo&#39;</span> <span class='ocrx_word' id='word_1_116' title='bbox 674 1119 708 1145; x_wconf 92' lang='lat' dir='ltr'>a.</span> <span class='ocrx_word' id='word_1_117' title='bbox 734 1105 820 1146; x_wconf 82' lang='lat'>416</span> <span class='ocrx_word' id='word_1_118' title='bbox 852 1119 891 1159; x_wconf 89' lang='lat' dir='ltr'>p.</span> <span class='ocrx_word' id='word_1_119' title='bbox 919 1102 1014 1144; x_wconf 82' lang='lat' dir='ltr'>Chr.</span> <span class='ocrx_word' id='word_1_120' title='bbox 1045 1118 1085 1144; x_wconf 89' lang='lat' dir='ltr'>n.</span> <span class='ocrx_word' id='word_1_121' title='bbox 1118 1102 1342 1158; x_wconf 87' lang='lat' dir='ltr'>compositi</span> <span class='ocrx_word' id='word_1_122' title='bbox 1373 1117 1497 1144; x_wconf 90' lang='lat' dir='ltr'>versu</span> <span class='ocrx_word' id='word_1_123' title='bbox 1529 1103 1632 1146; x_wconf 82' lang='lat'>295:</span> 
     </span>
    </p>

    <p class='ocr_par' dir='ltr' id='par_1_4' title="bbox 474 1173 1446 1230">
     <span class='ocr_line' id='line_1_15' title="bbox 474 1173 1446 1230; baseline -0.001 -14"><span class='ocrx_word' id='word_1_124' title='bbox 474 1174 611 1216; x_wconf 75' lang='lat' dir='ltr'>‘Inter</span> <span class='ocrx_word' id='word_1_125' title='bbox 643 1177 878 1216; x_wconf 87' lang='lat' dir='ltr'>castrorum</span> <span class='ocrx_word' id='word_1_126' title='bbox 909 1173 1091 1230; x_wconf 85' lang='lat' dir='ltr'>vestigia</span> <span class='ocrx_word' id='word_1_127' title='bbox 1122 1188 1260 1215; x_wconf 91' lang='lat' dir='ltr'>sermo</span> <span class='ocrx_word' id='word_1_128' title='bbox 1291 1173 1446 1215; x_wconf 83' lang='lat' dir='ltr'>retexit</span> 
     </span>
    </p>

    <p class='ocr_par' dir='ltr' id='par_1_5' title="bbox 473 1244 1399 1301">
     <span class='ocr_line' id='line_1_16' title="bbox 473 1244 1399 1301; baseline -0.002 -14"><span class='ocrx_word' id='word_1_129' title='bbox 473 1245 676 1287; x_wconf 83' lang='lat' dir='ltr'>Sardoam</span> <span class='ocrx_word' id='word_1_130' title='bbox 706 1245 866 1300; x_wconf 91' lang='lat' dir='ltr'>Lepido</span> <span class='ocrx_word' id='word_1_131' title='bbox 898 1244 1204 1300; x_wconf 87' lang='lat' dir='ltr'>praecipitante</span> <span class='ocrx_word' id='word_1_132' title='bbox 1234 1244 1399 1301; x_wconf 80' lang='lat' dir='ltr'>fugam3</span> 
     </span>
    </p>

    <p class='ocr_par' dir='ltr' id='par_1_6' title="bbox 473 1314 1603 1371">
     <span class='ocr_line' id='line_1_17' title="bbox 473 1314 1603 1371; baseline -0.001 -14"><span class='ocrx_word' id='word_1_133' title='bbox 473 1316 619 1358; x_wconf 87' lang='lat' dir='ltr'>Litore</span> <span class='ocrx_word' id='word_1_134' title='bbox 649 1330 831 1371; x_wconf 88' lang='lat' dir='ltr'>namque</span> <span class='ocrx_word' id='word_1_135' title='bbox 864 1314 995 1357; x_wconf 85' lang='lat' dir='ltr'>Cosae</span> <span class='ocrx_word' id='word_1_136' title='bbox 1027 1318 1233 1371; x_wconf 83' lang='lat' dir='ltr'>cognatos</span> <span class='ocrx_word' id='word_1_137' title='bbox 1265 1314 1427 1370; x_wconf 90' lang='lat' dir='ltr'>depulit</span> <span class='ocrx_word' id='word_1_138' title='bbox 1457 1315 1603 1357; x_wconf 90' lang='lat' dir='ltr'>hostes</span> 
     </span>
    </p>

    <p class='ocr_par' dir='ltr' id='par_1_7' title="bbox 260 1385 1820 1723">
     <span class='ocr_line' id='line_1_18' title="bbox 472 1385 1387 1429; baseline -0.001 -1"><span class='ocrx_word' id='word_1_139' title='bbox 472 1387 689 1429; x_wconf 88' lang='lat' dir='ltr'>Virtutem</span> <span class='ocrx_word' id='word_1_140' title='bbox 726 1386 865 1428; x_wconf 86' lang='lat' dir='ltr'>Catuli</span> <span class='ocrx_word' id='word_1_141' title='bbox 896 1386 1034 1427; x_wconf 86' lang='lat' dir='ltr'>Roma</span> <span class='ocrx_word' id='word_1_142' title='bbox 1065 1389 1209 1428; x_wconf 90' lang='lat' dir='ltr'>secuta</span> <span class='ocrx_word' id='word_1_143' title='bbox 1243 1385 1387 1427; x_wconf 66' lang='lat' dir='ltr'>ducis?</span> 
     </span>
     <span class='ocr_line' id='line_1_19' title="bbox 260 1455 1820 1514; baseline 0.002 -16"><span class='ocrx_word' id='word_1_144' title='bbox 260 1455 310 1498; x_wconf 91' lang='lat' dir='ltr'>In</span> <span class='ocrx_word' id='word_1_145' title='bbox 353 1457 631 1512; x_wconf 88' lang='lat' dir='ltr'>praecipitata</span> <span class='ocrx_word' id='word_1_146' title='bbox 662 1457 765 1513; x_wconf 85' lang='lat' dir='ltr'>fuga</span> <span class='ocrx_word' id='word_1_147' title='bbox 810 1456 999 1513; x_wconf 85' lang='lat' dir='ltr'>urgenda</span> <span class='ocrx_word' id='word_1_148' title='bbox 1039 1456 1251 1498; x_wconf 86' lang='lat' dir='ltr'>consentit</span> <span class='ocrx_word' id='word_1_149' title='bbox 1291 1471 1387 1498; x_wconf 91' lang='lat' dir='ltr'>cum</span> <span class='ocrx_word' id='word_1_150' title='bbox 1427 1455 1563 1511; x_wconf 85' lang='lat' dir='ltr'>Exup.</span> <span class='ocrx_word' id='word_1_151' title='bbox 1596 1471 1635 1512; x_wconf 91' lang='lat' dir='ltr'>p.</span> <span class='ocrx_word' id='word_1_152' title='bbox 1670 1458 1711 1514; x_wconf 81' lang='grc'>3,-</span> <span class='ocrx_word' id='word_1_153' title='bbox 1743 1458 1820 1501; x_wconf 83' lang='lat'>29:</span> 
     </span>
     <span class='ocr_line' id='line_1_20' title="bbox 261 1526 1818 1584; baseline 0.002 -16"><span class='ocrx_word' id='word_1_154' title='bbox 261 1527 497 1584; x_wconf 79' lang='lat' dir='ltr'>‘fugientes</span> <span class='ocrx_word' id='word_1_155' title='bbox 528 1528 619 1570; x_wconf 90' lang='lat' dir='ltr'>eius</span> <span class='ocrx_word' id='word_1_156' title='bbox 651 1528 794 1583; x_wconf 88' lang='lat' dir='ltr'>copias</span> <span class='ocrx_word' id='word_1_157' title='bbox 826 1543 873 1570; x_wconf 87' lang='lat' dir='ltr'>ac</span> <span class='ocrx_word' id='word_1_158' title='bbox 905 1542 949 1569; x_wconf 88' lang='lat' dir='ltr'>se</span> <span class='ocrx_word' id='word_1_159' title='bbox 981 1527 1248 1582; x_wconf 89' lang='lat' dir='ltr'>implicantes</span> <span class='ocrx_word' id='word_1_160' title='bbox 1278 1526 1552 1569; x_wconf 86' lang='lat' dir='ltr'>festinatione</span> <span class='ocrx_word' id='word_1_161' title='bbox 1577 1527 1818 1571; x_wconf 79' lang='lat' dir='ltr'>formidinis</span> 
     </span>
     <span class='ocr_line' id='line_1_21' title="bbox 261 1596 1818 1654; baseline 0.001 -15"><span class='ocrx_word' id='word_1_162' title='bbox 261 1598 321 1639; x_wconf 89' lang='lat' dir='ltr'>ita</span> <span class='ocrx_word' id='word_1_163' title='bbox 352 1598 604 1653; x_wconf 86' lang='lat' dir='ltr'>prostravit’</span> <span class='ocrx_word' id='word_1_164' title='bbox 630 1602 727 1654; x_wconf 80' lang='lat' dir='ltr'>etc.;</span> <span class='ocrx_word' id='word_1_165' title='bbox 758 1598 831 1640; x_wconf 90' lang='lat' dir='ltr'>sed</span> <span class='ocrx_word' id='word_1_166' title='bbox 857 1597 1026 1640; x_wconf 89' lang='lat' dir='ltr'>casuine</span> <span class='ocrx_word' id='word_1_167' title='bbox 1053 1597 1096 1639; x_wconf 93' lang='lat' dir='ltr'>id</span> <span class='ocrx_word' id='word_1_168' title='bbox 1122 1597 1308 1639; x_wconf 86' lang='lat' dir='ltr'>tribuam</span> <span class='ocrx_word' id='word_1_169' title='bbox 1333 1612 1388 1639; x_wconf 89' lang='lat' dir='ltr'>an</span> <span class='ocrx_word' id='word_1_170' title='bbox 1412 1596 1663 1640; x_wconf 87' lang='lat' dir='ltr'>Sallustium</span> <span class='ocrx_word' id='word_1_171' title='bbox 1687 1598 1818 1641; x_wconf 82' lang='lat' dir='ltr'>etiam</span> 
     </span>
     <span class='ocr_line' id='line_1_22' title="bbox 263 1668 1552 1723; baseline 0 -13"><span class='ocrx_word' id='word_1_172' title='bbox 263 1672 364 1710; x_wconf 90' lang='lat' dir='ltr'>tunc</span> <span class='ocrx_word' id='word_1_173' title='bbox 395 1684 419 1710; x_wconf 89' lang='lat' dir='ltr'>a</span> <span class='ocrx_word' id='word_1_174' title='bbox 450 1668 614 1710; x_wconf 84' lang='lat' dir='ltr'>Rutilio</span> <span class='ocrx_word' id='word_1_175' title='bbox 646 1669 804 1710; x_wconf 87' lang='lat' dir='ltr'>lectum</span> <span class='ocrx_word' id='word_1_176' title='bbox 836 1684 926 1711; x_wconf 92' lang='lat' dir='ltr'>esse</span> <span class='ocrx_word' id='word_1_177' title='bbox 959 1683 1152 1711; x_wconf 90' lang='lat' dir='ltr'>censeam</span> <span class='ocrx_word' id='word_1_178' title='bbox 1184 1668 1274 1723; x_wconf 89' lang='lat' dir='ltr'>ipse</span> <span class='ocrx_word' id='word_1_179' title='bbox 1306 1668 1465 1710; x_wconf 90' lang='lat' dir='ltr'>dubito.</span> <span class='ocrx_word' id='word_1_180' title='bbox 1499 1693 1552 1699; x_wconf 82' lang='lat'>—-</span> 
     </span>
    </p>
   </div>
   <div class='ocr_carea' id='block_1_3' title="bbox 1822 0 1916 737">
    <p class='ocr_par' dir='ltr' id='par_1_8' title="bbox 1822 0 1916 737">
     <span class='ocr_line' id='line_1_23' title="bbox 1822 0 1916 737; baseline 0 2441"><span class='ocrx_word' id='word_1_181' title='bbox 1822 0 1916 737; x_wconf 95' lang='lat' dir='ltr'> </span> 
     </span>
    </p>
   </div>
   <div class='ocr_carea' id='block_1_4' title="bbox 891 1918 1182 1980">
    <p class='ocr_par' dir='ltr' id='par_1_9' title="bbox 891 1918 1182 1980">
     <span class='ocr_line' id='line_1_24' title="bbox 891 1918 1182 1980; baseline -0.003 -14"><span class='ocrx_word' id='word_1_182' title='bbox 891 1918 1076 1980; x_wconf 82' lang='lat' dir='ltr'>Caput</span> <span class='ocrx_word' id='word_1_183' title='bbox 1111 1918 1182 1965; x_wconf 94' lang='lat' dir='ltr'>III</span> 
     </span>
    </p>
   </div>
   <div class='ocr_carea' id='block_1_5' title="bbox 785 2028 1295 2065">
    <p class='ocr_par' dir='ltr' id='par_1_10' title="bbox 785 2028 1295 2065">
     <span class='ocr_line' id='line_1_25' title="bbox 785 2028 1295 2065; baseline -0.002 0"><span class='ocrx_word' id='word_1_184' title='bbox 785 2030 849 2065; x_wconf 83' lang='lat' dir='ltr'>De</span> <span class='ocrx_word' id='word_1_185' title='bbox 880 2028 1007 2065; x_wconf 82' lang='lat' dir='ltr'>bello</span> <span class='ocrx_word' id='word_1_186' title='bbox 1039 2028 1295 2065; x_wconf 85' lang='lat' dir='ltr'>Sertoriano</span> 
     </span>
    </p>
   </div>
   <div class='ocr_carea' id='block_1_6' title="bbox 257 2115 1815 2737">
    <p class='ocr_par' dir='ltr' id='par_1_11' title="bbox 257 2115 1815 2737">
     <span class='ocr_line' id='line_1_26' title="bbox 378 2115 1815 2174; baseline 0.001 -16"><span class='ocrx_word' id='word_1_187' title='bbox 378 2118 403 2168; x_wconf 63' lang='grc' dir='ltr'>ἓ</span> <span class='ocrx_word' id='word_1_188' title='bbox 430 2118 466 2158; x_wconf 92' lang='grc'>1.</span> <span class='ocrx_word' id='word_1_189' title='bbox 515 2115 675 2170; x_wconf 90' lang='lat' dir='ltr'>Lepido</span> <span class='ocrx_word' id='word_1_190' title='bbox 706 2115 830 2157; x_wconf 87' lang='lat' dir='ltr'>Italia</span> <span class='ocrx_word' id='word_1_191' title='bbox 860 2116 983 2171; x_wconf 90' lang='lat' dir='ltr'>pulso</span> <span class='ocrx_word' id='word_1_192' title='bbox 1016 2118 1268 2171; x_wconf 90' lang='lat' dir='ltr'>mortuoque</span> <span class='ocrx_word' id='word_1_193' title='bbox 1301 2131 1410 2158; x_wconf 91' lang='lat' dir='ltr'>unus</span> <span class='ocrx_word' id='word_1_194' title='bbox 1436 2119 1654 2172; x_wconf 89' lang='lat' dir='ltr'>supererat</span> <span class='ocrx_word' id='word_1_195' title='bbox 1683 2131 1815 2174; x_wconf 91' lang='lat' dir='ltr'>popu-</span> 
     </span>
     <span class='ocr_line' id='line_1_27' title="bbox 258 2186 1814 2243; baseline 0.001 -16"><span class='ocrx_word' id='word_1_196' title='bbox 258 2186 412 2228; x_wconf 87' lang='lat' dir='ltr'>larium</span> <span class='ocrx_word' id='word_1_197' title='bbox 448 2186 635 2241; x_wconf 91' lang='lat' dir='ltr'>partium</span> <span class='ocrx_word' id='word_1_198' title='bbox 665 2187 877 2243; x_wconf 84' lang='lat' dir='ltr'>princeps,</span> <span class='ocrx_word' id='word_1_199' title='bbox 910 2186 1139 2243; x_wconf 83' lang='lat' dir='ltr'>Sertorius3</span> <span class='ocrx_word' id='word_1_200' title='bbox 1179 2190 1306 2242; x_wconf 90' lang='lat' dir='ltr'>atque</span> <span class='ocrx_word' id='word_1_201' title='bbox 1338 2202 1421 2242; x_wconf 90' lang='lat' dir='ltr'>quo</span> <span class='ocrx_word' id='word_1_202' title='bbox 1453 2187 1620 2230; x_wconf 87' lang='lat' dir='ltr'>facilius</span> <span class='ocrx_word' id='word_1_203' title='bbox 1651 2186 1814 2231; x_wconf 88' lang='lat' dir='ltr'>Sullani</span> 
     </span>
     <span class='ocr_line' id='line_1_28' title="bbox 260 2255 1814 2314; baseline 0.002 -16"><span class='ocrx_word' id='word_1_204' title='bbox 260 2256 410 2299; x_wconf 85' lang='lat' dir='ltr'>Catulo</span> <span class='ocrx_word' id='word_1_205' title='bbox 447 2257 734 2312; x_wconf 90' lang='lat' dir='ltr'>Pompeioque</span> <span class='ocrx_word' id='word_1_206' title='bbox 779 2258 956 2300; x_wconf 89' lang='lat' dir='ltr'>ducibus</span> <span class='ocrx_word' id='word_1_207' title='bbox 996 2258 1118 2300; x_wconf 91' lang='lat' dir='ltr'>illum</span> <span class='ocrx_word' id='word_1_208' title='bbox 1160 2258 1496 2314; x_wconf 79' lang='lat' dir='ltr'>prostraverant,</span> <span class='ocrx_word' id='word_1_209' title='bbox 1539 2273 1589 2300; x_wconf 93' lang='lat' dir='ltr'>eo</span> <span class='ocrx_word' id='word_1_210' title='bbox 1629 2255 1814 2301; x_wconf 78' lang='lat' dir='ltr'>atrOcius</span> 
     </span>
     <span class='ocr_line' id='line_1_29' title="bbox 259 2328 1813 2383; baseline 0.001 -14"><span class='ocrx_word' id='word_1_211' title='bbox 259 2328 600 2383; x_wconf 88' lang='lat' dir='ltr'>pertinaciusque</span> <span class='ocrx_word' id='word_1_212' title='bbox 632 2328 702 2370; x_wconf 91' lang='grc'><strong>1110</strong></span> <span class='ocrx_word' id='word_1_213' title='bbox 728 2329 1006 2383; x_wconf 88' lang='lat' dir='ltr'>optimatibus</span> <span class='ocrx_word' id='word_1_214' title='bbox 1031 2328 1203 2370; x_wconf 89' lang='lat' dir='ltr'>restitit.</span> <span class='ocrx_word' id='word_1_215' title='bbox 1265 2328 1385 2379; x_wconf 84' lang='lat' dir='ltr'>Quod</span> <span class='ocrx_word' id='word_1_216' title='bbox 1410 2329 1571 2372; x_wconf 92' lang='lat' dir='ltr'>bellum</span> <span class='ocrx_word' id='word_1_217' title='bbox 1597 2331 1693 2371; x_wconf 91' lang='lat' dir='ltr'>octo</span> <span class='ocrx_word' id='word_1_218' title='bbox 1725 2329 1813 2370; x_wconf 89' lang='lat' dir='ltr'>fere</span> 
     </span>
     <span class='ocr_line' id='line_1_30' title="bbox 258 2398 1813 2456; baseline 0.001 -16"><span class='ocrx_word' id='word_1_219' title='bbox 258 2414 334 2454; x_wconf 91' lang='lat' dir='ltr'>per</span> <span class='ocrx_word' id='word_1_220' title='bbox 371 2414 505 2441; x_wconf 91' lang='lat' dir='ltr'>annos</span> <span class='ocrx_word' id='word_1_221' title='bbox 542 2398 588 2440; x_wconf 90' lang='lat' dir='ltr'>in</span> <span class='ocrx_word' id='word_1_222' title='bbox 618 2398 826 2454; x_wconf 89' lang='lat' dir='ltr'>Hispania</span> <span class='ocrx_word' id='word_1_223' title='bbox 866 2403 1036 2456; x_wconf 84' lang='lat' dir='ltr'>gestum</span> <span class='ocrx_word' id='word_1_224' title='bbox 1077 2399 1157 2442; x_wconf 89' lang='lat' dir='ltr'>etsi</span> <span class='ocrx_word' id='word_1_225' title='bbox 1198 2413 1354 2456; x_wconf 84' lang='lat' dir='ltr'>magno</span> <span class='ocrx_word' id='word_1_226' title='bbox 1394 2400 1478 2442; x_wconf 87' lang='lat' dir='ltr'>fuit</span> <span class='ocrx_word' id='word_1_227' title='bbox 1517 2400 1579 2442; x_wconf 89' lang='lat' dir='ltr'>rei</span> <span class='ocrx_word' id='word_1_228' title='bbox 1618 2399 1813 2455; x_wconf 89' lang='lat' dir='ltr'>publicae</span> 
     </span>
     <span class='ocr_line' id='line_1_31' title="bbox 257 2469 1814 2526; baseline 0.001 -15"><span class='ocrx_word' id='word_1_229' title='bbox 257 2470 474 2512; x_wconf 89' lang='lat' dir='ltr'>Romanae</span> <span class='ocrx_word' id='word_1_230' title='bbox 505 2472 740 2526; x_wconf 86' lang='lat' dir='ltr'>momento,</span> <span class='ocrx_word' id='word_1_231' title='bbox 776 2473 921 2512; x_wconf 88' lang='lat' dir='ltr'>tamen</span> <span class='ocrx_word' id='word_1_232' title='bbox 957 2485 982 2511; x_wconf 89' lang='lat' dir='ltr'>a</span> <span class='ocrx_word' id='word_1_233' title='bbox 1013 2469 1292 2525; x_wconf 87' lang='lat' dir='ltr'>scriptoribus</span> <span class='ocrx_word' id='word_1_234' title='bbox 1327 2485 1415 2512; x_wconf 90' lang='lat' dir='ltr'>non</span> <span class='ocrx_word' id='word_1_235' title='bbox 1445 2473 1565 2512; x_wconf 87' lang='lat' dir='ltr'>tanta</span> <span class='ocrx_word' id='word_1_236' title='bbox 1595 2485 1692 2513; x_wconf 93' lang='lat' dir='ltr'>cum</span> <span class='ocrx_word' id='word_1_237' title='bbox 1723 2469 1814 2512; x_wconf 89' lang='lat' dir='ltr'>dili-</span> 
     </span>
     <span class='ocr_line' id='line_1_32' title="bbox 259 2540 1814 2597; baseline 0.001 -15"><span class='ocrx_word' id='word_1_238' title='bbox 259 2540 405 2597; x_wconf 83' lang='lat' dir='ltr'>gentia</span> <span class='ocrx_word' id='word_1_239' title='bbox 436 2555 618 2596; x_wconf 89' lang='lat' dir='ltr'>curaque</span> <span class='ocrx_word' id='word_1_240' title='bbox 644 2541 826 2583; x_wconf 86' lang='lat' dir='ltr'>relatum</span> <span class='ocrx_word' id='word_1_241' title='bbox 858 2544 934 2597; x_wconf 88' lang='lat' dir='ltr'>est,</span> <span class='ocrx_word' id='word_1_242' title='bbox 966 2544 1124 2596; x_wconf 90' lang='lat' dir='ltr'>quanta</span> <span class='ocrx_word' id='word_1_243' title='bbox 1148 2541 1273 2583; x_wconf 90' lang='lat' dir='ltr'>nobis</span> <span class='ocrx_word' id='word_1_244' title='bbox 1305 2541 1482 2597; x_wconf 87' lang='lat' dir='ltr'>dignum</span> <span class='ocrx_word' id='word_1_245' title='bbox 1513 2555 1603 2583; x_wconf 90' lang='lat' dir='ltr'>esse</span> <span class='ocrx_word' id='word_1_246' title='bbox 1628 2540 1814 2583; x_wconf 86' lang='lat' dir='ltr'>videtur:</span> 
     </span>
     <span class='ocr_line' id='line_1_33' title="bbox 258 2610 1812 2668; baseline -0.001 -15"><span class='ocrx_word' id='word_1_247' title='bbox 258 2626 341 2666; x_wconf 92' lang='lat' dir='ltr'>quo</span> <span class='ocrx_word' id='word_1_248' title='bbox 374 2612 534 2653; x_wconf 86' lang='lat' dir='ltr'>factum</span> <span class='ocrx_word' id='word_1_249' title='bbox 566 2614 648 2667; x_wconf 87' lang='lat' dir='ltr'>est,</span> <span class='ocrx_word' id='word_1_250' title='bbox 679 2614 727 2652; x_wconf 91' lang='lat' dir='ltr'>ut</span> <span class='ocrx_word' id='word_1_251' title='bbox 759 2610 809 2651; x_wconf 90' lang='lat' dir='ltr'>de</span> <span class='ocrx_word' id='word_1_252' title='bbox 834 2610 1141 2665; x_wconf 89' lang='lat' dir='ltr'>permultarum</span> <span class='ocrx_word' id='word_1_253' title='bbox 1172 2626 1314 2653; x_wconf 91' lang='lat' dir='ltr'>rerum</span> <span class='ocrx_word' id='word_1_254' title='bbox 1339 2611 1420 2653; x_wconf 89' lang='grc'><strong>1100</strong></span> <span class='ocrx_word' id='word_1_255' title='bbox 1451 2610 1563 2652; x_wconf 92' lang='lat' dir='ltr'>bello</span> <span class='ocrx_word' id='word_1_256' title='bbox 1595 2613 1812 2668; x_wconf 83' lang='lat' dir='ltr'>gestarum</span> 
     </span>
     <span class='ocr_line' id='line_1_34' title="bbox 260 2679 1812 2737; baseline 0 -14"><span class='ocrx_word' id='word_1_257' title='bbox 260 2685 452 2737; x_wconf 90' lang='lat' dir='ltr'>tempore</span> <span class='ocrx_word' id='word_1_258' title='bbox 484 2684 611 2737; x_wconf 90' lang='lat' dir='ltr'>atque</span> <span class='ocrx_word' id='word_1_259' title='bbox 643 2681 789 2723; x_wconf 84' lang='lat' dir='ltr'>ordine</span> <span class='ocrx_word' id='word_1_260' title='bbox 827 2681 948 2723; x_wconf 85' lang='lat' dir='ltr'>valde</span> <span class='ocrx_word' id='word_1_261' title='bbox 986 2681 1122 2723; x_wconf 87' lang='lat' dir='ltr'>adhuc</span> <span class='ocrx_word' id='word_1_262' title='bbox 1159 2681 1411 2724; x_wconf 90' lang='lat' dir='ltr'>dissentiant</span> <span class='ocrx_word' id='word_1_263' title='bbox 1442 2681 1521 2723; x_wconf 85' lang='lat' dir='ltr'>viri</span> <span class='ocrx_word' id='word_1_264' title='bbox 1554 2680 1677 2723; x_wconf 91' lang='lat' dir='ltr'>docti.</span> <span class='ocrx_word' id='word_1_265' title='bbox 1739 2679 1812 2723; x_wconf 87' lang='lat' dir='ltr'>Iis-</span> 
     </span>
    </p>
   </div>
   <div class='ocr_carea' id='block_1_7' title="bbox 258 2773 372 2776">
    <p class='ocr_par' dir='ltr' id='par_1_12' title="bbox 258 2773 372 2776">
     <span class='ocr_line' id='line_1_35' title="bbox 258 2773 372 2776; baseline 0 0"><span class='ocrx_word' id='word_1_266' title='bbox 258 2773 372 2776; x_wconf 95' lang='lat' dir='ltr'> </span> 
     </span>
    </p>
   </div>
   <div class='ocr_carea' id='block_1_8' title="bbox 259 2821 1807 2926">
    <p class='ocr_par' dir='ltr' id='par_1_13' title="bbox 259 2821 1807 2926">
     <span class='ocr_line' id='line_1_36' title="bbox 378 2821 1807 2866; baseline -0.001 -10"><span class='ocrx_word' id='word_1_267' title='bbox 378 2822 412 2866; x_wconf 94' lang='lat'>1)</span> <span class='ocrx_word' id='word_1_268' title='bbox 439 2821 684 2857; x_wconf 86' lang='lat' dir='ltr'>Subvertendi</span> <span class='ocrx_word' id='word_1_269' title='bbox 722 2821 875 2857; x_wconf 82' lang='lat' dir='ltr'>verbum</span> <span class='ocrx_word' id='word_1_270' title='bbox 913 2821 961 2856; x_wconf 88' lang='lat' dir='ltr'>ab</span> <span class='ocrx_word' id='word_1_271' title='bbox 999 2821 1081 2866; x_wconf 85' lang='lat' dir='ltr'>ipso</span> <span class='ocrx_word' id='word_1_272' title='bbox 1113 2821 1293 2857; x_wconf 81' lang='lat' dir='ltr'>Sallustio</span> <span class='ocrx_word' id='word_1_273' title='bbox 1330 2821 1546 2866; x_wconf 85' lang='lat' dir='ltr'>usurpatum</span> <span class='ocrx_word' id='word_1_274' title='bbox 1585 2830 1666 2855; x_wconf 77' lang='lat' dir='ltr'>esse</span> <span class='ocrx_word' id='word_1_275' title='bbox 1700 2821 1807 2864; x_wconf 78' lang='lat' dir='ltr'>put03</span> 
     </span>
     <span class='ocr_line' id='line_1_37' title="bbox 259 2879 1454 2926; baseline 0 -11"><span class='ocrx_word' id='word_1_276' title='bbox 259 2881 305 2915; x_wconf 84' lang='lat' dir='ltr'>cf.</span> <span class='ocrx_word' id='word_1_277' title='bbox 332 2881 410 2924; x_wconf 84' lang='lat' dir='ltr'>lug.</span> <span class='ocrx_word' id='word_1_278' title='bbox 431 2884 486 2924; x_wconf 74' lang='lat'>32,</span> <span class='ocrx_word' id='word_1_279' title='bbox 514 2879 623 2917; x_wconf 85' lang='lat' dir='ltr'>Catil.</span> <span class='ocrx_word' id='word_1_280' title='bbox 646 2883 701 2922; x_wconf 79' lang='lat'>10,</span> <span class='ocrx_word' id='word_1_281' title='bbox 727 2879 821 2916; x_wconf 78' lang='lat' dir='ltr'>Hist.</span> <span class='ocrx_word' id='word_1_282' title='bbox 849 2891 902 2916; x_wconf 89' lang='lat' dir='ltr'>or.</span> <span class='ocrx_word' id='word_1_283' title='bbox 927 2879 1024 2916; x_wconf 87' lang='lat' dir='ltr'>Phil.</span> <span class='ocrx_word' id='word_1_284' title='bbox 1044 2884 1065 2916; x_wconf 89' lang='lat'>8</span> <span class='ocrx_word' id='word_1_285' title='bbox 1092 2880 1131 2915; x_wconf 90' lang='lat' dir='ltr'>et</span> <span class='ocrx_word' id='word_1_286' title='bbox 1156 2884 1212 2926; x_wconf 88' lang='lat'>10,</span> <span class='ocrx_word' id='word_1_287' title='bbox 1237 2891 1290 2917; x_wconf 85' lang='lat' dir='ltr'>or.</span> <span class='ocrx_word' id='word_1_288' title='bbox 1316 2880 1402 2925; x_wconf 88' lang='lat' dir='ltr'>Lep.</span> <span class='ocrx_word' id='word_1_289' title='bbox 1421 2883 1454 2915; x_wconf 81' lang='lat'>4.</span> 
     </span>
    </p>
   </div>
  </div>
 </body>
</html>
