2034 3184
739 155 967 201 Fragmenta
988 159 1140 192 58-65,
1647 155 1734 198 181

10 247 11 251 ¹
122 241 261 306 fh‘bto
279 265 427 310 quarto.
447 285 492 290 —
515 265 616 300 Idem
635 263 816 299 Sacerdos
834 262 899 308 (VI
911 275 946 308 p.
962 265 1057 309 480).
1079 285 1123 288 —
1143 262 1359 307 Hieronym.
1381 275 1512 300 comm.
1534 263 1574 298 in
1586 262 1734 299 Daniel.

55 308 62 318 ³
96 314 102 318 ’
154 305 215 361 111
229 315 294 349 46:
322 311 540 348 ‘Sallustius
560 310 693 347 scribit
712 310 752 346 in
770 309 951 355 historiis,
978 311 1079 355 quod
1098 311 1243 356 naphta
1264 310 1314 346 sit
1332 322 1451 356 genus
1471 310 1613 346 fomitis
1633 311 1734 357 apud

155 355 303 407 Persas,
323 371 398 405 quo
418 389 426 396 .
443 389 450 396 .
467 389 474 396 .
491 389 498 396 .
517 358 760 395 nutriantur.’
781 380 828 384 —
847 359 950 394 Idem
968 358 1096 404 glossa
1115 369 1135 394 e
1155 359 1236 394 cod.
1258 357 1380 394 vatic.
1403 360 1468 404 (ed.
1485 359 1581 406 Any.
1603 359 1736 395 Maius

59 412 61 414 ’
97 424 100 426 ·
155 411 253 447 αισα.
272 409 376 444 class.
405 407 487 444 VII
500 419 540 454 p.
561 409 660 453 569).
686 428 731 433 —
756 406 920 452 naphtae
941 411 1132 452 praeterea
1156 411 1407 443 commemorat
1431 406 1576 442 Probus
1594 419 1630 452 p.
1653 406 1735 453 221}

19 495 21 497 ,
155 455 320 503 naphtae
369 456 445 502 ipse
468 456 593 492 voluit
608 455 769 499 Probus,
800 454 946 500 naphta
970 454 1131 490 BProbi
1150 466 1190 500 p.
1209 457 1271 499 29,
1297 454 1565 501 Hieronymus,
1595 456 1735 502 9108811,-

91 526 94 527 ⁷
154 503 276 560 napta
347 502 563 540 Sacerdotis.
599 524 648 529 —
683 513 802 549 genus
935 501 1075 548 simile]
1108 503 1252 538 iniuria
1283 515 1307 537 a
1339 502 1515 538 Sallustio
1545 503 1735 550 abroyavit

157 550 279 590 Kntn.
299 571 344 577 —-
364 561 439 596 quo
460 579 468 587 .
484 579 492 587 .
508 580 516 587 .
531 581 539 588 .
559 549 752 598 incendia]
777 562 868 586 num
891 551 1000 586 verba
1019 549 1190 586 Sallustii
1213 551 1300 594 sint,
1322 551 1461 594 rusaio,-
1486 555 1577 586 certe
1595 555 1734 586 senten·

156 598 248 636 tim
271 598 351 635 eius
374 599 552 643 caehibcnt,
577 599 710 645 quippe
735 609 828 644 quae
852 609 934 634 cum
956 597 1094 634 Dionis
1118 599 1235 634 verbis
1260 599 1477 643 conspirent.
1497 620 1545 624 —-
1563 597 1734 634 nutriun—

0 622 2 625 ,
157 645 237 695 tu]
258 647 391 694 ylossa,
415 645 634 682 nutriantur
658 646 917 693 Hieronymus.

277 722 458 764 Comm.‘
509 724 694 774 Naphtas
725 723 768 761 in
800 722 1178 774 Tigranocertorum
1214 722 1418 762 obsidione
1451 723 1500 761 ab
1533 722 1735 762 Armeniis

155 782 382 824 adhibitum
401 783 538 835 ibique
558 787 915 823 commemoratum
934 795 1018 822 esse
1045 795 1069 821 a
1090 782 1283 821 Sallustio
1310 783 1351 820 et
1369 782 1543 821 breviter
1562 783 1734 833 descrip-

154 844 245 883 tum
287 843 435 883 collato
479 843 664 895 sequitur
698 843 828 882 Dione
866 856 929 893 ap.
965 842 1114 893 Xiphil.
1146 856 1184 892 p.
1212 844 1256 881 3:
1299 840 1366 881 καὶ
1403 840 1526 881 αὐτὸν
1563 841 1605 881 οἱ
1638 842 1734 894 βάρ-

155 900 273 955 βαροι
294 907 343 959 τῇ
368 917 408 943 τε
432 902 562 959 τοξείᾳ
585 901 652 943 καὶ
682 908 735 958 τῇ
767 902 934 957 νάφθα
958 900 1057 942 κατὰ
1081 907 1160 940 τῶν
1187 907 1375 954 μηχανῶν
1400 899 1567 958 χεομένῃ
1594 901 1733 949 δεινῶς

149 960 372 1003 hammum».
433 961 740 1014 ἀσφαλτῶδες
773 959 822 1001 δὲ
852 960 900 1002 τὸ
933 961 1187 1014 φάρμακον
1219 967 1357 1001 τοῦτο
1388 960 1466 1000 καὶ
1494 961 1733 1013 διάπυρον

154 1021 298 1074 οὕτως,
329 1017 433 1062 ὥσθ’
467 1021 575 1070 ὅσοις
605 1020 657 1062 ἂν
688 1021 900 1078 προσμίξῃ,
931 1022 1088 1069 πάντως
1119 1020 1219 1061 αὐτὰ
1250 1021 1477 1060 κατακαίειν
1502 1023 1580 1060 κτλ.

270 1112 382 1160 62*.
443 1113 502 1157 In
532 1114 684 1170 nuda,
715 1114 767 1156 in
800 1117 937 1156 tecta
969 1129 1200 1169 corpora.

270 1207 378 1255 App.
423 1208 511 1254 (Ine.
533 1211 578 1243 59
588 1208 633 1253 D,
655 1212 699 1243 25
710 1207 755 1253 K,
778 1212 820 1243 19
833 1207 875 1254 G,
896 1208 930 1243 II
942 1220 977 1254 p.
994 1211 1038 1243 97
1053 1209 1092 1243 et
1106 1211 1174 1243 382
1186 1208 1261 1253 ΒΥ.)
1281 1230 1327 1233 -
1350 1207 1552 1244 Diomedes
1572 1221 1607 1254 p.
1629 1208 1735 1256 447.Η

150 1255 192 1293 in
215 1257 320 1292 tecta
343 1256 517 1304 corpora]
543 1255 728 1292 intectato
753 1267 847 1302 pora
867 1256 925 1300 M,
950 1255 1094 1292 intecta
1119 1267 1196 1292 non
1221 1257 1472 1292 distinoeerwnt
1495 1257 1612 1303 vulyo.

270 1333 440 1374 Comm.
503 1333 582 1372 Res
607 1333 746 1384 aliqua
779 1329 990 1388 (nimirum
1021 1333 1136 1372 cuius
1168 1333 1210 1372 in
1241 1333 1347 1372 bello
1373 1345 1471 1373 usus
1498 1328 1578 1387 est)
1612 1334 1741 1390 signi--

149 1393 270 1434 ficata
300 1405 385 1434 esse
415 1393 587 1445 videtur,
620 1406 724 1443 quae
757 1393 896 1432 eodem
927 1395 1074 1432 eventu
1106 1395 1147 1432 et
1177 1393 1220 1431 in
1247 1393 1377 1433 nudos
1409 1395 1449 1432 et
1480 1393 1522 1432 in
1555 1396 1733 1434 armatos

149 1454 285 1495 hostes
314 1455 548 1505 usurpatur.
608 1453 664 1491 Et
699 1453 774 1492 hoc
810 1453 922 1492 bene‘
948 1453 1159 1492 convenire
1198 1466 1290 1492 cum
1321 1453 1475 1504 naphta
1510 1453 1581 1492 illo
1615 1455 1732 1493 acute

149 1514 330 1566 repperit
358 1507 443 1554 iam
472 1513 724 1553 Debrossius.

269 1604 348 1652 63.
398 1605 633 1649 'Pluteos
683 1563 938 1648 rescindit
988 1579 1042 1647 ac
1087 1604 1405 1647 munitiones
1455 1605 1733 1649 demolitur

148 1677 366 1735 locoque
397 1692 591 1720 summo
623 1676 840 1732 potitur.

267 1770 376 1818 App.
427 1770 493 1818 (IV
512 1773 558 1807 56
570 1770 616 1817 D,
644 1774 688 1806 15
702 1770 746 1816 K,
774 1774 819 1806 69
834 1770 877 1816 G,
903 1770 938 1805 II
962 1783 997 1816 p.
1021 1774 1066 1806 96
1080 1770 1155 1817 Br.)
1182 1792 1225 1796 —-
1252 1770 1399 1806 Nonius
1424 1771 1458 1805 II
1484 1783 1518 1817 p.
1541 1775 1598 1807 95.

269 1842 440 1883 Comm.
483 1842 786 1895 Fragmentum,
813 1855 893 1893 quo
914 1842 1064 1882 obsessi
1089 1855 1137 1881 ex
1163 1842 1310 1893 oppido
1330 1842 1583 1893 eruptionem
1603 1843 1732 1883 facere

149 1904 192 1943 et
213 1915 457 1956 magnopere
483 1902 758 1942 obsidentibus
783 1915 924 1942 nocere
950 1902 1155 1954 docentur,
1183 1902 1234 1941 ad
1260 1902 1639 1954 Tigranocertorum
1665 1904 1731 1943 ob-

149 1962 344 2003 sidionem
373 1962 537 2002 rettulit
565 1962 698 2014 Kritz;
738 1975 859 2013 quem
893 1964 1055 2002 secutus
1088 1975 1194 2014 sum,
1233 1975 1326 2001 cum
1363 1975 1411 2002 ea
1447 1962 1489 2001 in
1527 1962 1732 2002 obsidione

149 2022 363 2063 acerrimos
407 2035 491 2062 sese
533 2023 759 2073 praestasse
803 2022 1025 2073 oppidanos
1070 2034 1330 2073 summaeque
1374 2022 1498 2062 fuisse
1539 2023 1732 2063 Romanis

148 2094 276 2122 noxae
306 2095 329 2122 e
358 2081 502 2122 Dionis
533 2082 621 2122 loco
653 2082 706 2121 ad
735 2082 784 2120 fr.
813 2084 864 2122 61
900 2082 1067 2122 laudato
1100 2084 1347 2132 sequeretur.

269 2172 380 2219 64*.
440 2173 508 2217 Et
539 2173 892 2230 sequebantur
923 2173 1127 2230 equites
1159 2174 1448 2217 catafracti.

267 2267 375 2315 App.
426 2268 492 2314 (IV
511 2271 557 2304 58
570 2268 614 2315 D,
641 2272 686 2304 67
701 2267 759 2314 G.)
785 2290 830 2294 —
858 2267 1009 2304 Servius
1029 2268 1079 2303 ad
1098 2268 1190 2304 Aen.
1212 2268 1264 2303 XI
1285 2272 1362 2305 770.
1383 2271 1395 2316 ΙΙ
1415 2270 1469 2316 et]
1495 2282 1560 2306 om.
1583 2270 1663 2306 AS.
1686 2292 1729 2296 -

149 2315 315 2364 equites]
339 2315 427 2362 equi
452 2317 569 2361 codd„
594 2315 741 2362 equites
766 2317 885 2363 vulyo,
911 2315 999 2360 equi
1024 2315 1254 2352 catafractos
1279 2318 1372 2353 coni.
1399 2318 1517 2353 Thilo.

269 2387 439 2428 Gomm.
488 2387 537 2426 In
556 2388 736 2440 longiore
758 2388 955 2428 exercitus
974 2386 1156 2427 Armenii
1181 2387 1447 2438 descriptione
1468 2389 1591 2428 etiam
1618 2389 1729 2440 equi—

148 2449 240 2488 tum
263 2447 617 2499 cataphractorum
641 2448 886 2488 mentionem
911 2459 995 2487 esse
1020 2447 1173 2487 factam
1198 2448 1388 2487 discimus
1414 2462 1434 2487 e
1460 2448 1568 2487 Plut.
1596 2462 1626 2488 0.
1654 2451 1727 2489 26:

149 2507 282 2556 ἱππεῖς
313 2504 356 2547 δὲ
387 2507 744 2561 πεντακισμυρίους
773 2506 841 2547 καὶ
870 2507 1226 2560 πεντακισχιλίους,
1263 2502 1320 2547 ὧν
1351 2506 1632 2560 ἑπτακισχίλιοι
1662 2507 1729 2549 καὶ

149 2565 286 2621 μκόριοι
313 2566 583 2621 κατάφρακτοι
614 2561 736 2620 ἦσαν,
773 2565 827 2615 ὥς
856 2567 1115 2615 Λούκουλλος
1146 2565 1294 2621 ἔγραψε
1324 2567 1424 2622 πρὸς
1456 2566 1528 2619 τὴν
1558 2568 1729 2622 σύγκλη-

147 2641 233 2680 τον,
263 2640 310 2668 ac
341 2639 436 2667 sane
460 2627 503 2666 in
528 2628 828 2668 enumeratione
853 2628 926 2667 illa
949 2627 1061 2667 verbi
1085 2629 1345 2677 sequebantur
1370 2630 1491 2678 aptus
1517 2630 1578 2668 est
1602 2629 1726 2668 locus.

269 2717 380 2764 65²⁸.
452 2717 615 2775 Equis
664 2719 810 2776 paria
859 2713 1180 2776 operimenta
1230 2722 1401 2776 erant,
1451 2720 1727 2777 <nam>que

147 2790 313 2834 linteo
344 2790 539 2834 ferreas
569 2790 788 2834 laminas
819 2791 871 2834 in
900 2791 1100 2835 modum
1131 2792 1336 2848 plumae
1362 2791 1726 2836 adnexuerant.

267 2879 376 2932 App.
426 2883 492 2930 <N
511 2884 612 2931 59D‚
639 2887 683 2920 17
696 2884 742 2931 K,
768 2888 814 2921 60
828 2884 871 2931 Gr,
897 2885 932 2921 Π
949 2897 985 2932 p.
1007 2889 1076 2922 50¹7
1087 2886 1162 2932 ΒΓ.)
1182 2907 1226 2912 -
1248 2885 1348 2921 Serv.
1374 2885 1424 2921 ad
1443 2885 1535 2922 Aen.
1555 2886 1607 2922 XI
1622 2887 1727 2935 7701]

146 2933 329 2981 namque]
351 2943 450 2979 quae
475 2933 590 2979 codd„
611 2937 758 2979 practer
782 2934 879 2980 quod
902 2945 976 2979 que
1002 2934 1050 2979 R,
1075 2945 1167 2971 corr.
1194 2934 1311 2971 Thilo.
1340 2955 1384 2960 —
1410 2933 1546 2982 linteo]
1572 2934 1652 2971 lina
1677 2935 1725 2981 R,
