1916 3178
818 727 1006 791 Caput
1041 729 1065 778 I

671 839 737 876 De
771 839 975 881 Sallustii
1003 840 1215 878 Historiis

84 979 124 1000 Q·
224 920 326 972 G.
335 925 567 971 Sallustius
593 926 769 984 Crispus
795 927 956 971 maiore
987 929 1141 971 aetatis
1171 931 1293 985 parte
1325 929 1519 1008 improbe
1551 934 1722 986 peracta

110 982 247 1050 a&
236 995 315 1075 188
347 996 601 1043 scribendas
642 1015 688 1042 se
729 1000 913 1042 contulit
953 1003 997 1042 et
1037 1015 1122 1057 quo
1163 1001 1331 1057 turpior
1371 1001 1416 1043 in
1457 1001 1546 1044 vita
1585 1002 1725 1044 fuerat

132 1078 157 1111 .‘
319 1069 543 1129 lurcoque,
574 1086 625 1114 eo
657 1071 894 1114 acerbior
883 1087 929 1114 111
959 1072 1132 1130 scriptis
1163 1072 1331 1115 exstitit
1362 1088 1531 1116 morum
1563 1089 1723 1116 censor.

147 1082 302 1223 §0⁸:00
338 1157 440 1188 vero
476 1145 641 1201 partes,
682 1158 788 1200 quas
820 1143 958 1186 adhuc
996 1147 1168 1188 secutus
1200 1147 1308 1202 erat,
1346 1145 1552 1202 deseruit,
1592 1145 1723 1187 immo

148 1225 253 1266 vero
277 1193 469 1262 Caesare
512 1214 644 1258 etiam
687 1218 859 1258 mortuo
904 1215 948 1258 id
986 1215 1097 1273 egit,
1147 1219 1196 1260 ut
1239 1219 1283 1259 et
1332 1216 1378 1258 in
1428 1180 1722 1259 conidratione

77 1296 100 1334 2}
150 1268 402 1332 (3861188118
432 1286 669 1330 enarranda
692 1287 966 1344 popularium
998 1287 1229 1331 factionem
1255 1288 1372 1331 omni
1396 1291 1602 1346 purgaret
1632 1304 1723 1344 per-

142 1340 382 1434 8881110818
419 1357 598 1401 0111111118
636 1361 680 1401 et
716 1358 762 1401 in
798 1358 910 1401 libro
949 1359 1000 1401 de
1032 1358 1291 1416 Iugurthino
1330 1359 1443 1402 bello
1481 1360 1723 1415 conscripto

146 1410 426 1488 optimatium
450 1429 669 1486 inertiam,
701 1430 1002 1487 stoliditatem,
1033 1431 1352 1488 corruptionem
1384 1447 1512 1487 quam
1538 1431 1722 1474 maxime

78 1500 107 1563 ζ,
148 1503 336 1565 urgeret.
397 1500 492 1553 Quo
523 1500 570 1544 in
599 1495 712 1544 libro
738 1502 1032 1558 componendo
1065 1503 1116 1545 (le
1141 1503 1348 1559 ampliore
1374 1518 1501 1559 opere
1532 1503 1722 1546 nondum

148 1571 415 1631 cogitaverat
426 1570 478 1630 ¹),
516 1571 591 1615 sed
621 1573 742 1616 brevi
772 1576 871 1630 post
880 1571 916 1630 2)
953 1573 1006 1615 ad
1043 1573 1323 1617 historiarum
1360 1575 1496 1617 libros
1533 1574 1721 1630 quinque

149 1644 388 1698 exarmdos
417 1644 647 1688 accessisse
672 1645 853 1702 videtur,
885 1645 1042 1701 quibus
1068 1646 1346 1688 celeberrima
1376 1645 1579 1689 Sisennae
1604 1645 1721 1687 Posi-

78 1740 89 1749 =-
147 1702 351 1774 doniique
400 1703 531 1773 opera
580 1716 831 1759 continuare
878 1717 1055 1759 studuit.
1123 1717 1341 1761 Nimirum
1390 1717 1434 1759 id
1482 1732 1594 1759 nunc
1638 1717 1721 1758 sibi

86 1774 95 1843 ¹¹
148 1778 436 1831 «animandum
467 1788 652 1845 sumpsit
683 1788 891 1844 temporis
923 1789 1129 1845 spatium,
1161 1804 1245 1845 quo
1278 1788 1505 1831 invehendi
1538 1788 1583 1830 in
1615 1787 1720 1844 opti-

147 1847 286 1903 mutes
316 1858 470 1903 idonea
500 1860 584 1903 sibi
617 1861 716 1903 data
748 1863 861 1903 esset
893 1861 1076 1917 occasio,
1109 1860 1272 1903 scilicet
1304 1875 1372 1903 res
1397 1863 1542 1917 gestas
1573 1859 1720 1916 populi

63 1917 95 1976 55?
145 1922 332 1975 Romani
380 1946 407 1974 8
448 1930 592 1975 Sullae
647 1935 786 1975 morte
842 1947 976 1988 usque
1026 1895 1079 1974 ad
1127 1931 1323 1988 Pompeii
1373 1931 1719 1974 dominationem.

146 1996 287 2047 Ehixe
329 2005 475 2046 autem
514 2003 560 2047 in
599 2004 795 2047 historiis
841 2020 1014 2060 operam
1058 2004 1193 2060 dedit,
1236 2007 1285 2046 ut
1328 2019 1496 2059 semper
1539 2004 1720 2060 doceret,

87 2087 98 2123 ,ζ
147 2087 279 2130 quam
307 2077 510 2131 corrupta
546 2075 801 2132 infirmaque
839 2076 993 2118 fuisset
1029 2078 1133 2118 tunc
1172 2075 1446 2131 optimatium
1484 2075 1719 2118 dominatio

146 2146 225 2201 1501·
263 2140 428 2189 81111818
467 2147 671 2190 restituta
710 2150 955 2204 quantaque
996 2147 1224 2190 severitate
1264 2146 1536 2202 popularium
1575 2149 1718 2202 partes

67 2227 83 2238 “
145 2215 203 2259 ab
233 2214 321 2260 illis
345 2231 573 2275 oppressae
599 2222 760 2276 essent,
790 2222 1011 2275 praeterea
1036 2222 1084 2261 ut
1110 2219 1440 2274 demonstraret,
1466 2218 1718 2273 Pompeium

62 2311 66 2316 -
145 2286 324 2333 minime
354 2288 488 2338 fuisse
519 2290 700 2348 dignum
731 2290 864 2349 (sicut
893 2293 1044 2346 postea
1075 2289 1159 2332 fuit
1191 2288 1383 2347 Caesar),
1420 2289 1488 2332 cui
1521 2289 1594 2331 uni
1626 2292 1718 2331 tota

49 2353 98 2419 ‘³⁶⁴
125 2372 221 2414 ‚res
245 2359 420 2416 publica
449 2362 735 2405 mandaretur.
797 2361 848 2405 In
884 2362 1071 2405 factione
1104 2361 1239 2418 igitur
1269 2361 1483 2403 Licinium
1514 2360 1717 2416 Macrum,

50 2423 98 2493 1j³s
111 2426 127 2485 J
144 2429 193 2473 in
222 2444 380 2488 genere
405 2432 573 2475 dicendi
599 2431 806 2476 Catonem
837 2434 1078 2476 aemulatus
1105 2436 1180 2475 est.
1243 2432 1449 2475 Attamen
1476 2431 1716 2487 insequenti

55 2495 80 2558 f
146 2502 326 2547 8880810
356 2502 472 2546 haud
510 2506 634 2547 tanta
672 2518 771 2548 cum
810 2505 935 2547 laude
977 2520 1106 2560 opera
1143 2503 1335 2547 Sallustii
1374 2504 1566 2546 lectitata
1603 2506 1716 2559 sunt,

47 2560 82 2617 Ᾰῖ
145 2576 308 2644 quanta
341 2575 470 2619 nobis
509 2574 683 2632 quidem
723 2575 854 2634 digna
895 2591 987 2619 esse
1026 2575 1236 2619 videntur
1307 2575 1538 2630 Praecipue
1580 2589 1716 2631 genus

144 2645 356 2691 sermonis
386 2646 514 2690 breve
546 2647 849 2704 concisamque
881 2663 929 2690 ac
959 2647 1075 2690 iusto
1101 2647 1319 2703 antiquius
1350 2646 1538 2703 graviter
1568 2646 1717 2688 statim

163 2805 166 2822 1
218 2818 221 2822 ,
243 2789 282 2834 1)
295 2752 360 2825 ef.
384 2787 468 2836 lug.
493 2793 552 2835 95,
571 2793 592 2826 2
618 2790 659 2825 et
683 2789 788 2826 Kritz
812 2747 1019 2836 prolegom.
1044 2801 1080 2835 p.
1105 2793 1159 2825 14.

162 2874 163 2879 ,
241 2847 282 2894 8)
303 2840 392 2887 Non
421 2849 510 2886 am
541 2859 683 2885 annum
713 2853 761 2886 39
790 2848 972 2886 historias
1010 2848 1185 2894 componi
1222 2848 1375 2892 coeptas
1413 2857 1496 2882 esse
1531 2857 1576 2882 ex
1607 2845 1713 2893 gravi

145 2905 196 2943 Π.
217 2905 375 2949 Antonii
399 2907 680 2955 vituperatione
702 2908 764 2954 (cf.
789 2908 834 2944 fr.
854 2908 906 2943 111
925 2913 971 2944 64
996 2910 1036 2943 et
1061 2911 1105 2942 55
1120 2907 1166 2952 D)
1192 2908 1272 2942 iure
1297 2906 1482 2942 conclusit
1506 2905 1653 2942 Linker.

218 2972 456 3008 Sallu-rim,
474 2975 521 3001 ed.
535 2974 802 3002 Bammbrecher.
822 2975 846 3000 1.
1408 2970 1426 3000 1
