1916 3178
851 144 1139 185 -76—

216 266 312 293 cum
350 251 421 292 ille
465 250 509 292 in
547 248 685 291 Gallia
719 248 989 292 Narbonensi
1032 248 1250 305 provincia
1287 247 1396 302 eius,
1438 250 1484 290 at
1518 247 1775 293 Plutarchus

215 323 376 364 Romae
417 322 498 363 hoc
535 321 697 362 factum
740 334 831 362 esse
874 321 1041 362 referat.
1109 319 1191 362 Sed
1230 334 1254 360 a
1290 318 1499 361 Strabone
1535 317 1775 370 abiudicanf

216 392 317 433 dum
354 394 419 433 est
457 389 644 446 capitis
675 391 730 434 28
763 390 953 446 initium,
990 390 1063 432 ubi
1101 405 1246 446 pugna
1283 389 1391 431 aeris
1422 389 1476 431 ad
1506 387 1776 440 Coracesium

215 461 560 517 promunturium
606 461 718 502 facta
762 463 982 517 oppugnat
1024 460 1210 516 Appiani
1257 460 1399 502 verbis
1446 458 1623 510 ἐλπίσας
1664 467 1774 503 παν·

214 535 335 582 τοίας
372 532 512 587 μάχης
541 530 613 575 καὶ
643 534 897 588 πολιορκίας
928 532 1045 590 αὐτῷ
1079 533 1253 587 δεήσειν
1284 530 1353 574 ἐπὶ
1385 531 1520 587 ἄκρας
1550 529 1770 587 &nummu

216 619 345 658 νους,
377 602 596 652 οὐδενὸς
628 600 666 644 δ’
706 601 939 657 ἐδέησεν,
977 602 1176 659 congruit
1207 617 1303 644 cum
1334 601 1479 657 Flor03
1510 615 1639 657 quare
1662 597 1775 644 Livii

215 689 306 716 esse
338 674 442 715 haee
472 673 681 729 particula
711 673 889 715 videtur.
1715 675 1720 684 ²

332 743 460 800 Apud
496 744 701 786 Florum
731 743 751 786 I
776 745 835 786 41
875 744 993 786 nulla
1029 744 1112 786 nisi
1149 744 1259 786 Livii
1297 743 1501 785 memoria
1538 741 1678 798 quoad
1699 741 1773 784 «im

217 816 428 872 vestigare
460 829 687 871 possumus
719 818 862 856 extare
888 815 1066 857 videtur.
1117 815 1238 866 Quod
1269 818 1405 858 totam
1437 815 1487 856 de
1512 812 1663 869 piratis
1691 811 1776 855 vic-

217 887 371 928 toriam
397 885 680 942 quadraginta
706 885 856 928 diebus
881 889 1046 942 partam
1071 886 1187 942 facit,
1212 902 1295 942 qua
1320 886 1364 928 in
1389 901 1434 928 re
1461 883 1659 928 convenit
1677 898 1774 927 cum

213 973 310 1013 per.
344 959 404 1000 99
438 960 481 998 61
519 959 646 999 61161.
678 957 734 999 (16
765 958 852 1000 vir.
885 958 954 999 ill.
989 959 1069 1013 74,
1109 957 1152 999 id
1184 960 1257 999 aut
1288 957 1398 999 Livii
1431 955 1559 999 errori
1593 955 1774 999 debetur

213 1027 360 1086 (quem
387 1028 557 1083 quidem
583 1028 766 1070 correxit
798 1029 982 1084 epitome
1002 1026 1354 1085 Eutropiusve)¹)
1384 1030 1458 1070 aut
1483 1026 1619 1082 ipsius
1643 1024 1773 1081 Fini-i,

214 1114 265 1140 ex
297 1114 381 1155 quo
413 1098 476 1140 illi
503 1098 685 1140 forsitan
714 1098 944 1140 hauserint.

330 1169 526 1211 Valerii
564 1169 769 1211 Maximi
806 1169 926 1211 VIII
963 1171 1039 1225 15,
1071 1172 1096 1212 9
1142 1171 1239 1212 fons
1276 1170 1423 1212 Livius
1460 1183 1551 1212 esse
1593 1167 1774 1223 videtur,

213 1241 282 1282 oft:
321 1240 381 1283 ‘Si
414 1241 459 1282 in
490 1255 574 1282 uno
606 1240 810 1295 Pompeio
843 1241 1001 1297 Magno
1034 1242 1177 1283 omnia
1207 1256 1410 1297 reponere
1446 1237 1774 1296 perseverasset’·

213 1325 309 1352 cum
340 1310 466 1353 Vell.
492 1310 533 1352 II
559 1313 632 1353 32:
665 1310 829 1366 ‘Neque
863 1312 1005 1353 omnia
1036 1312 1079 1353 in
1111 1327 1195 1354 uno
1228 1311 1494 1367 reponenda?

330 1381 533 1423 Plinius
570 1381 642 1423 III
677 1383 755 1424 101
797 1385 839 1423 61
876 1382 988 1425 XVI
1016 1385 1039 1425 7
1079 1399 1146 1441 res
1185 1383 1389 1438 quasdam
1428 1398 1452 1424 a
1491 1382 1547 1424 M.
1581 1380 1773 1424 Varrone

211 1455 357 1509 gestas
394 1453 543 1507 refert,
580 1467 685 1507 quas
722 1455 832 1494 teste
876 1451 1059 1510 indiee2)
1097 1469 1148 1495 ex
1186 1454 1320 1509 ipsius
1350 1453 1556 1496 Varronis
1594 1452 1772 1495 autf‘de

213 1539 289 1565 sua
327 1523 438 1565 vita’
486 1525 560 1565 aut
607 1523 679 1565 ‘de
719 1523 956 1580 legatione'
1004 1524 1115 1566 libro
1161 1525 1354 1566 hausisse
1394 1527 1511 1580 puto.
1534 1538 1538 1549 ³
1562 1549 1611 1555 -—
1654 1523 1773 1567 Idem

210 1594 330 1637 VIII
356 1596 417 1637 93
451 1594 721 1650 octingentos
754 1595 1037 1651 quadraginta
1068 1611 1142 1638 sex
1172 1611 1301 1637 naves
1331 1595 1482 1651 piratis
1513 1611 1538 1636 a
1567 1594 1773 1651 Pompeio

213 1665 406 1720 demptas
438 1680 530 1707 esse
561 1667 718 1720 narrat,
750 1665 864 1720 quod
896 1666 1002 1708 bene
1035 1667 1087 1708 ad
1112 1665 1324 1724 Liviumss)
1348 1667 1543 1723 Liviique
1573 1666 1772 1708 narrandi

211 1751 347 1792 genus
391 1736 597 1791 quadrare
641 1735 748 1777 mihi
792 1736 970 1779 videtur.
1037 1737 1232 1793 Denique
1265 1737 1471 1780 Servius
1507 1737 1565 1778 ad
1595 1736 1770 1794 Georg.
1831 1775 1838 1780 .

210 1806 279 1848 IV
314 1809 408 1850 122
447 1807 498 1849 de
529 1807 680 1863 piratis
718 1807 762 1848 in
800 1806 1019 1851 Graeciam
1051 1811 1094 1850 et
1126 1808 1366 1851 Calabriam
1398 1808 1592 1851 deductis
1621 1807 1769 1851 Sueto:

211 1876 375 1934 nium4)
405 1878 551 1920 laudat
582 1881 810 1920 auctorem.

666 1999 691 2050 ξ
716 1997 755 2038 4.
818 1996 889 2038 De
920 1997 1070 2038 rebus
1102 1997 1321 2039 urbanis.

328 2079 393 2120 De
420 2079 616 2135 comitiis,
648 2079 931 2135 contionibus,
961 2079 1130 2122 iudiciis
1155 2080 1390 2136 ceterisque
1422 2080 1472 2121 de
1497 2081 1638 2136 rebus,
1661 2096 1771 2137 quae

212 2149 434 2192 duodecim
465 2150 533 2192 his
566 2150 688 2192 annis
719 2151 880 2192 Romae
913 2154 1030 2193 actae
1062 2154 1179 2206 sunt,
1215 2151 1475 2207 amplissime
1513 2151 1652 2208 egisse
1683 2151 1771 2195 Sal-

209 2221 406 2276 lustium,
445 2236 495 2263 ex
534 2221 673 2277 operis
712 2222 803 2264 eius
841 2222 1017 2264 consilio
1056 2223 1282 2278 studioque
1319 2223 1468 2265 elucet.
1529 2222 1612 2267 Sed
1642 2223 1770 2279 scrip·

210 2295 325 2335 tores
361 2307 532 2347 perraro
577 2293 835 2334 urbanarum
878 2308 1020 2335 rerum
1062 2293 1323 2335 mentionem
1366 2294 1575 2349 fecerunt,
1616 2293 1679 2336 ita
1720 2297 1770 2337 ut

212 2363 477 2420 singularum
514 2378 655 2404 rerum
698 2364 840 2405 fontes
877 2363 1077 2421 indagare
1115 2380 1164 2406 ac
1201 2364 1507 2408 Sullustianam
1542 2365 1768 2408 restituere

211 2434 459 2477 memoriam
490 2433 616 2476 nobis
645 2449 734 2476 non
764 2434 850 2476 iam
881 2434 1058 2477 eveniat.
1121 2435 1259 2486 Quare
1291 2436 1395 2479 satis
1420 2436 1666 2492 habeamus,
1695 2450 1768 2478 eas

210 2509 380 2548 tantum
410 2515 479 2549 res
504 2505 555 2547 de
581 2505 737 2561 quibus
762 2521 786 2547 a
813 2505 1092 2562 scriptoribus
1117 2507 1318 2550 certiores
1348 2507 1450 2550 facti
1481 2521 1628 2549 sumus
1652 2505 1768 2549 oolli-

330 2658 365 2703 1)
390 2655 442 2693 Of.
463 2656 631 2692 Eutr.V:
660 2656 777 2701 ‘quod
800 2655 927 2691 intra
950 2668 1119 2702 paucos
1145 2668 1320 2694 menses
1346 2657 1492 2703 ingenti
1517 2657 1701 2694 felicitate
1725 2659 1766 2694 et

210 2716 405 2752 celeritate
430 2714 617 2750 confecit)

328 2776 364 2819 2)
391 2774 445 2810 Cf.
471 2773 599 2809 Brunn
622 2786 658 2820 p.
680 2778 701 2810 5
727 2774 766 2809 et
789 2786 825 2820 p.
846 2777 903 2809 27.

329 2835 365 2879 3)
391 2831 445 2869 Cf.
469 2831 632 2868 indicem
660 2833 759 2878 apud
785 2832 910 2867 Brunn
935 2845 970 2878 p.
995 2837 1048 2869 12.

329 2894 365 2938 4)
391 2891 444 2927 Cf.
470 2891 748 2928 Reifferscheid.
777 2892 876 2928 Suet.
902 2891 981 2927 rell.
1010 2905 1043 2938 p.
1065 2897 1145 2928 469.

1893 748 1916 890 namu-⁴*
1900 646 1901 650 ⁴
1899 612 1903 620 ¹

1907 1571 1916 1606 1
