2034 3184
770 133 999 194 Fra-gmenta
1019 152 1171 184 65—69.
1679 146 1766 189 183

185 262 347 304 ’πάντων
377 260 525 317 ἔρημον
555 260 623 302 καὶ
653 259 840 301 ταπεινὸν
865 260 939 301 οὐκ
965 259 1228 315 ἀνθύβρισεν,
1259 259 1355 301 ἀλλὰ
1381 259 1555 313 καταβὰς
1579 258 1646 299 καὶ
1671 270 1767 299 συν·-

179 322 388 376 .δακρύσας
418 321 465 362 τὰ
495 320 613 363 κοινὰ
643 321 759 372 πάθη
789 323 868 362 κτλ.

305 413 384 460 69.
445 413 693 471 Epistula
722 411 1059 456 Mithridatis.

304 485 399 529 Rex
424 485 700 529 Mithridates
724 484 818 542 regi
840 483 992 527 Arsaci
1018 484 1212 527 salutem.
1263 483 1435 540 Omnes,
1467 484 1541 540 qui
1569 483 1767 527 secundis
1791 496 1805 526 1

185 558 318 602 rebus
343 558 434 601 suis
460 558 514 601 ad
539 557 644 601 belli
670 556 922 600 societatem
948 558 1138 613 orantur,
1170 555 1437 598 considerare
1465 555 1638 610 debent,
1668 555 1765 599 lice-

184 633 285 674 atne
321 632 416 674 tum
459 645 610 687 pacem
648 644 794 688 agere,
841 628 940 671 dein
980 628 1095 684 quod
1141 627 1382 683 quaesitur,
1426 626 1587 670 satisne
1631 627 1766 686 pium,

183 704 346 759 tutum,
390 702 629 760 gloriosum
672 717 728 744 an
770 700 1018 743 indecorum
1057 699 1124 742 sit.
1187 698 1288 741 Tibi
1327 699 1363 741 si
1406 701 1619 754 perpetua
1659 714 1765 755 pace
1785 712 1805 743 2

182 773 271 817 frui
300 773 469 831 liceret,
505 773 590 817 nisi
621 773 771 816 hostes
803 771 1009 828 oportuni
1042 774 1086 814 et
1117 770 1422 826 scelestissimi,
1456 771 1558 826 <ni>
1590 771 1766 828 egregia

182 845 310 902 fama,
340 845 378 888 si
402 845 622 888 Romanos
654 844 935 901 oppresseris,
967 844 1112 886 futura
1138 845 1214 899 est,
1244 857 1384 898 neque
1410 845 1558 898 petere
1585 842 1765 886 audeam

124 956 127 957 γ
183 915 434 960 societatem
466 918 510 959 et
540 916 702 959 frustra
733 916 848 959 mala
872 930 968 958 mea
994 930 1092 958 cum
1117 914 1246 957 bonis
1270 913 1358 956 tuis
1386 913 1556 956 misceri
1583 929 1763 969 sperem.

179 987 326 1045 Atque
367 1003 437 1045 ea,
480 1003 590 1045 quae
629 991 672 1032 te
713 987 872 1031 morari
914 1002 1042 1043 posse
1083 986 1301 1041 videntur,
1345 986 1410 1028 ira
1449 986 1495 1028 in
1532 986 1763 1043 Tigranem
1784 1001 1804 1030 3

179 1059 366 1104 recentis
397 1059 503 1103 belli
536 1063 580 1103 et
611 1073 731 1103 meae
762 1075 831 1103 res
863 1074 1018 1116 parum
1050 1073 1296 1115 prosperae,
1328 1057 1364 1100 si
1389 1073 1491 1100 vera
1516 1057 1763 1101 existimare

180 1132 317 1189 voles,
353 1132 540 1175 maxime
578 1132 882 1175 hortabuntur.
950 1130 1029 1174 Ille
1071 1130 1186 1173 enim
1225 1129 1460 1186 obnoxius,
1506 1130 1677 1186 qualem
1714 1133 1763 1173 tu
1783 1144 1804 1174 4

178 1203 316 1261 voles,
353 1203 606 1248 societatem
644 1203 846 1260 accipiet,
885 1202 994 1246 mihi
1031 1203 1207 1245 fortuna
1243 1201 1393 1244 multis
1431 1201 1562 1244 rebus
1601 1202 1763 1258 ereptis

177 1290 306 1320 usum
342 1275 460 1319 dedit
497 1276 608 1319 bene
647 1275 853 1318 suadendi
895 1278 957 1331 et,
1003 1274 1119 1331 quod
1156 1274 1415 1317 florentibus
1452 1273 1647 1330 optabile
1685 1277 1762 1330 est,

178 1363 262 1407 ego
291 1363 380 1392 non
410 1347 701 1392 validissimus
732 1348 921 1404 praebeo
954 1347 1214 1403 exemplum,
1247 1361 1332 1402 quo
1365 1346 1524 1389 rectius
1549 1348 1625 1388 tua
1650 1361 1761 1389 com-

178 1434 328 1477 ponas.

295 1490 496 1548 Namque
521 1490 730 1534 Romanis
755 1505 853 1534 cum
878 1490 1144 1546 nationibus,
1170 1489 1359 1546 populis,
1390 1489 1570 1547 regibus
1595 1489 1762 1533 cunctis
1782 1503 1802 1535 5

177 1579 266 1608 una
294 1566 339 1607 et
370 1579 420 1608 ea
449 1565 574 1607 vetus
601 1577 728 1605 causa
753 1562 943 1604 bellandi
977 1564 1055 1617 est,
1087 1561 1244 1617 cupido
1272 1561 1487 1617 profunda
1518 1561 1690 1617 imperii
1718 1565 1761 1605 et

178 1635 443 1693 divitiarum3
481 1650 567 1692 qua
602 1634 743 1691 primo
777 1649 874 1676 cum
905 1649 1008 1691 rege
1039 1633 1323 1676 Macedonum
1354 1633 1563 1690 Philippo
1597 1634 1761 1677 bellum

177 1704 418 1765 sumpsere,
461 1707 565 1750 dum
607 1722 632 1750 a
671 1705 1104 1763 Carthaginiensibus
1149 1705 1476 1761 premebantur,
1523 1705 1759 1749 amicitiam
1780 1722 1800 1752 6

176 1778 442 1824 simulantes.
492 1778 548 1822 Ei
580 1778 908 1822 subvenientem
933 1777 1199 1820 Antiochum
1225 1777 1500 1820 concessione
1525 1775 1656 1819 Asiae
1682 1793 1761 1833 per

176 1851 323 1896 dolum
360 1853 571 1905 avertere,
615 1865 664 1893 ac
701 1865 803 1893 mox
840 1850 977 1893 fracto
1014 1849 1225 1905 Philippo
1262 1848 1506 1892 Antiochus
1543 1849 1661 1892 omni
1698 1850 1759 1893 cis

175 1923 365 1968 Taurum
383 1926 489 1981 agro
510 1925 554 1966 et
573 1922 721 1965 decem
739 1921 919 1964 milibus
944 1921 1208 1964 talentorum
1234 1921 1448 1977 spoliatus
1474 1924 1551 1964 est.
1598 1921 1759 1965 Persen
1780 1938 1798 1969 7

176 1994 347 2052 deinde,
382 1993 581 2051 Philippi
617 1993 775 2051 filium,
816 1996 918 2049 post
954 1993 1092 2036 multa
1130 1996 1173 2035 et
1213 1993 1332 2035 varia
1369 1993 1603 2036 certamina
1641 1994 1758 2049 apud

175 2066 478 2111 Samothracas
510 2066 612 2109 deos
643 2068 870 2122 acceptum
901 2065 947 2107 in
977 2065 1106 2107 fidem
1138 2065 1282 2107 callidi·
1314 2067 1358 2107 et
1388 2067 1632 2121 repertores
1663 2081 1757 2122 per-

174 2138 315 2197 fidiae,
339 2138 441 2196 quia
459 2140 588 2195 pacto
613 2137 749 2181 vitam
774 2137 990 2192 dederant,
1015 2137 1242 2180 insomniis
1268 2137 1472 2180 occidere.
1520 2137 1757 2195 Eumenen,
1777 2154 1797 2185 8

175 2210 298 2255 cuius
334 2210 570 2254 amicitiam
607 2209 796 2268 gloriose
828 2212 1067 2267 ostentant,
1102 2209 1229 2252 initio
1267 2209 1495 2265 prodidere
1525 2208 1757 2267 Antiocho,

174 2282 295 2339 pacis
319 2282 577 2339 mercedem3
603 2284 703 2338 post
728 2281 929 2333 habitum
954 2281 1173 2324 custodiae
1199 2281 1293 2339 agri
1318 2281 1480 2337 captivi
1506 2282 1755 2338 sumptibus

175 2357 220 2398 et
243 2353 517 2398 contumeliis
543 2368 596 2396 ex
621 2367 723 2411 rege
749 2352 1039 2395 miserrimum
1067 2367 1289 2395 servorum
1315 2353 1504 2409 effecere,
1536 2353 1754 2396 simulato-

174 2441 258 2484 que
295 2425 431 2482 impio
468 2427 729 2468 testamento
766 2424 906 2467 filium
943 2424 1035 2467 eius
1071 2423 1384 2481 Aristonicum,
1425 2425 1527 2481 quia
1563 2425 1754 2481 patrium

292 2543 400 2590 App.
445 2543 511 2590 (IV
530 2547 574 2579 61
585 2543 630 2590 D,
653 2547 696 2578 19
706 2542 751 2588 Κ,
770 2554 806 2589 p.
823 2545 891 2578 107
903 2541 946 2588 Gr,
964 2542 1047 2589 Hp.
1063 2545 1131 2578 527
1145 2542 1219 2589 Er„
1245 2542 1398 2579 Jordan.
1420 2543 1476 2579 ed.
1499 2547 1520 2578 3
1539 2555 1575 2589 p.
1593 2546 1687 2590 122.)
1708 2565 1752 2571 --

175 2597 206 2629 2.
232 2591 307 2628 tibi
327 2591 360 2627 si
375 2621 381 2628 .
399 2621 406 2628 .
422 2621 429 2628 .
446 2621 453 2628 .
468 2590 601 2628 liceret
620 2602 651 2627 e.
663 2603 698 2636 q.
711 2591 756 2638 s.]
776 2590 867 2626 licet
885 2591 926 2636 V,
945 2590 1019 2626 tibi
1037 2592 1222 2637 perpetua
1244 2620 1250 2627 .
1267 2620 1274 2627 .
1292 2620 1298 2627 .
1316 2620 1322 2626 .
1343 2590 1476 2627 liceret
1494 2603 1540 2628 ex
1557 2592 1650 2627 Alai
1668 2604 1751 2629 con-

173 2642 314 2677 iectwra
340 2640 468 2684 Kritz,
493 2639 534 2675 ni
559 2640 645 2676 add.
666 2639 843 2686 Madviy,
875 2639 939 2685 qm:
967 2640 1161 2676 rectissime
1184 2639 1400 2675 sententiam
1425 2641 1612 2675 enwntiati
1641 2641 1753 2678 huius

172 2689 373 2732 constitwit,
397 2688 460 2724 sed
483 2687 558 2723 tibi
583 2686 615 2722 si
640 2686 773 2723 liceret
797 2687 956 2723 eiusdem
979 2688 1177 2723 sententiae
1201 2688 1331 2723 melius
1355 2688 1500 2724 videtwr
1518 2690 1751 2734 respondere;

172 2736 455 2782 transpositione
480 2736 556 2772 loco
579 2736 681 2772 varie
705 2735 942 2772 medebamtwr
965 2735 1112 2780 Douza,
1139 2735 1282 2782 Hitziq,
1307 2735 1467 2772 Dietsch.

293 2787 326 2820 3.
352 2783 502 2830 parum]
527 2794 655 2818 rarum
681 2783 722 2827 V,
747 2794 838 2819 corr.
859 2783 990 2819 Aldus.
1016 2805 1064 2810 -—
1088 2783 1194 2831 vera]
1220 2793 1308 2819 vere
1333 2784 1425 2820 coni.
1447 2783 1617 2831 Madviy.

291 2835 325 2868 4.
352 2829 516 2877 accipiet
557 2830 727 2878 accepiet
753 2831 792 2867 V.

295 2882 326 2916 ⁷.
350 2878 521 2925 Philippi
562 2878 700 2926 pilippi
727 2879 766 2915 V.
794 2900 839 2906 —-
864 2878 1078 2927 insomniis]
1104 2878 1293 2915 insomnia
1318 2880 1411 2915 coni.
1433 2879 1597 2926 Lipsius.

293 2930 326 2964 8.
351 2927 561 2975 Eumenen]
587 2938 673 2963 eum
697 2938 745 2963 en
771 2928 813 2973 V,
837 2927 1043 2964 Eumenem
1066 2929 1184 2975 vulyo.
1212 2949 1257 2954 -
1283 2926 1456 2976 effecere]
1482 2927 1629 2965 efficere
1656 2930 1696 2966 V.
