2034 3184
730 121 958 191 Fragmssnta
981 147 1131 180 ιιι-«ιθ.
1633 143 1718 187 199

86 247 109 288 ’ἲ
127 256 129 259 ’
134 252 159 303 Τ
193 269 213 301 ς’
236 270 252 283 -1
269 263 372 301 m.
392 253 469 294 iam
487 253 614 291 Krehl.
634 274 679 280 --
700 252 787 291 Post
805 251 1021 297 quaesitum
1039 256 1150 288 antea
1167 251 1316 298 gratiae
1334 253 1538 297 ediderunt,
1562 264 1580 290 e
1597 265 1717 300 yram-

74 310 135 343 ,·
126 285 276 371 {Tmen
297 297 416 338 verbis
442 300 498 338 ‘vo
523 299 688 347 πορίζειν
711 299 860 347 graece’
887 303 1016 336 ortum.

95 378 98 383 '
265 376 435 418 Comm.
497 378 744 419 Gabinianae
782 376 956 417 orationi
992 376 1067 416 hoc
1099 390 1259 428 quoque
1297 378 1571 429 fragmentum
1603 379 1717 417 attri-

80 433 116 490 fs
145 436 351 480 tuendum
381 450 465 478 esse
496 439 561 478 vel
591 452 649 490 eo,
681 437 790 488 quod
813 437 888 476 hoo
912 435 1028 475 velut
1057 437 1104 475 fr.
1132 439 1185 475 21
1221 437 1372 476 directa
1397 437 1578 477 oratione
1610 451 1714 478 eom-

18 511 19 514 *
54 493 59 496 Δ
85 498 110 539 ἔζ-
125 547 127 550 .
144 496 323 566 W
351 499 432 551 est,
469 497 616 538 elicias.
678 497 757 544 Qm·
789 495 972 548 ingentia
1003 496 1107 535 dona
1138 496 1214 535 sibi
1245 509 1406 547 parasse
1438 497 1641 549 arguitur,
1681 498 1717 537 ei

56 555 63 603 ,ζ
75 566 86 603 “-,
112 611 114 614 y
145 556 414 609 corruptionis
451 557 600 598 crimen
638 556 827 624 obieitur3
871 555 1010 606 itaque
1048 555 1248 607 signifieat
1285 556 1480 596 Gabinius
1517 557 1718 597 hominem

52 619 62 621 ”
111 625 130 634 ’·
251 612 344 657 'dam
364 631 413 657 ex
431 616 680 669 adversariis,
707 616 778 668 qui
802 615 932 667 pretio
958 615 1203 666 compositus
1228 616 1310 668 legi
1330 616 1523 656 Gabiniae
1548 617 1716 670 restitit3

202 660 375 718 ballius
398 677 544 730 igitur
558 678 631 716 aut
659 676 828 717 Roscius
861 675 993 715 dietus
1024 687 1108 715 esse
1139 675 1311 715 videtur.

52 836 54 838 Υ
207 791 213 798 ·
265 778 377 827 23*.
418 780 565 825 Sane
602 781 766 824 bonus
810 795 866 823 ea
908 767 1220 836 tempestate
1265 782 1444 823 eontra
1485 780 1718 837 pericula

2 859 3 862 ’
64 855 83 911 ζΙ
143 854 196 901 ,οὺ
226 852 574 896 ambitionem.

47 955 83 1002 2¹-
146 994 198 1032 ω
221 946 508 1031 AAPf'wgm'
530 951 576 983 33
589 947 634 993 D,
660 947 694 983 V
715 950 758 983 19
769 946 814 993 K,
833 947 850 982 Ι
870 949 915 981 38
930 945 973 991 G,
999 946 1016 981 1
1034 958 1069 992 p.
1091 949 1160 981 382
1174 945 1249 992 Br.)
1270 967 1313 972 —
1336 946 1436 982 Serv.
1458 946 1586 992 (schol.
1608 947 1717 993 Dan.)

71 1010 73 1013 ’
111 1004 113 1007 ·
255 1006 313 1032 en.
449 1025 456 1032 .

29 1112 69 1126 Α,
263 1071 432 1114 Gomm.
492 1073 584 1112 Iure
621 1072 734 1111 Kritz
778 1071 957 1111 defendit
995 1071 1187 1111 Catulum
1227 1071 1286 1110 ita
1330 1072 1579 1122 appellatum
1621 1085 1716 1125 esse,

58 1127 100 1158 ’Ψ
134 1131 294 1184 'quippe
325 1132 397 1184 qui
426 1145 533 1173 unus
563 1132 723 1173 fortiter
753 1133 794 1171 et
817 1131 1007 1183 periculo,
1040 1131 1148 1182 quod
1179 1131 1324 1182 cuique
1355 1132 1457 1183 legis
1489 1133 1716 1172 adversario

142 1191 349 1232 imminere
373 1193 598 1245 videbatur,
629 1193 671 1232 et
696 1191 908 1231 ambitioni
933 1191 1114 1242 Pompeii
1140 1193 1382 1243 occurreret3
1415 1205 1462 1232 ac
1494 1192 1592 1232 bene
1625 1206 1716 1232 cum

145 1251 330 1293 Sallustii
366 1252 414 1292 de
452 1252 598 1292 Catulo
635 1251 823 1303 optimati
861 1251 1046 1302 opinione
1085 1252 1288 1303 convenit,
1327 1224 1436 1302 qu’od
1475 1264 1519 1292 ea
1557 1255 1717 1291 tantum

50 1333 68 1339 ·
95 1362 98 1365 Δ
143 1314 362 1363 tenpestate
392 1311 585 1353 Catulum
614 1313 766 1352 bonum
796 1312 990 1351 fortemve
1022 1311 1212 1362 appellat.

262 1414 342 1462 24.
400 1416 527 1462 Nam
559 1417 600 1459 si
633 1417 684 1459 in
714 1415 958 1472 Pompeio
991 1415 1112 1471 quid
1142 1415 1351 1458 humani
1385 1415 1655 1459 evenisset.

143 1559 175 1596 P
261 1495 379 1597 Ap}
419 1511 467 1558 (V
488 1515 532 1547 16
545 1510 589 1557 D,
616 1514 662 1546 20
674 1510 719 1557 K,
748 1514 766 1546 7
782 1509 825 1556 G,
851 1510 886 1545 Π
903 1522 939 1556 p.
961 1513 1030 1545 602
1044 1509 1119 1556 ΒΥ.)
1140 1531 1184 1536 -
1205 1509 1313 1546 Arus.
1333 1522 1368 1556 p.
1390 1513 1470 1546 470.
1492 1511 1503 1556 ιι
1523 1510 1717 1558 Pompeio]

175 1569 308 1607 ompeo
376 1589 384 1596 .

213 1651 219 1655 '
262 1643 374 1690 25*.
434 1644 606 1688 Rebus
638 1659 792 1701 supra
823 1646 943 1687 vota
972 1643 1280 1708 fluentibus.

262 1738 378 1798 Appr
413 1738 502 1786 (Ino.
519 1742 585 1774 101
598 1738 643 1785 D,
665 1742 709 1774 70
719 1737 763 1785 K,
783 1738 835 1774 ΠΙ
849 1742 893 1774 96
908 1737 951 1783 G,
972 1738 1006 1773 II
1018 1750 1052 1784 p.
1069 1742 1138 1776 480
1149 1737 1223 1784 Br.)
1239 1759 1283 1764 —
1301 1737 1401 1773 Serv.
1421 1737 1470 1772 ad
1485 1737 1575 1774 Aen.
1591 1738 1625 1773 II
1640 1742 1718 1774 169.

264 1815 433 1858 Οοιιιιιι.
491 1815 614 1856 Haud
656 1817 790 1867 inepte
835 1815 1033 1867 quadrare
1071 1816 1182 1855 loeus
1226 1815 1325 1854 mihi
1362 1815 1523 1854 videtur
1567 1816 1617 1854 ad
1657 1828 1720 1854 res

50 1922 52 1924 ,
143 1877 348 1929 praeclare
385 1890 410 1917 a
439 1876 631 1928 Pompeio
668 1878 821 1929 gestas,
860 1877 908 1916 cf.
940 1876 1049 1915 Plut.
1082 1875 1220 1926 Pomp.
1248 1888 1278 1914 c.
1308 1877 1382 1915 27:
1419 1873 1543 1915 ἐποίει
1574 1872 1616 1915 δὲ
1647 1874 1719 1927 τὴν

30 1951 35 1963 ³
69 1966 71 1970 ι
143 1936 269 1992 χαρὰν
299 1935 349 1978 τὸ
379 1932 485 1991 παρ’
519 1934 687 1976 ἐλπίδα
716 1941 799 1988 τῆς
830 1936 1095 1988 μεταβολῆς
1125 1935 1277 1988 τάχος.

143 2113 401 2158 Bellonae.
414 2124 431 2145 t

263 2207 370 2255 App.
421 2207 509 2254 (Ine.
537 2206 640 2253 99]),
668 2206 770 2252 68Κ,
798 2210 842 2242 63
858 2205 916 2252 G)
935 2228 980 2232 —
1002 2205 1124 2242 Schol
1145 2205 1280 2242 Veron.
1305 2205 1355 2241 ad
1373 2205 1485 2251 Vei-g.
1506 2204 1598 2241 Aen.
1618 2204 1653 2240 V
1673 2208 1718 2240 80

145 2258 193 2303 (p.
214 2255 331 2302 9411).
358 2276 404 2282 -
430 2254 633 2291 Sallustius
657 2254 698 2290 in
724 2254 763 2290 di
789 2255 875 2302 leyit
893 2254 1037 2299 Maius,
1061 2253 1102 2289 in
1127 2253 1354 2302 hi<storiis>
1380 2255 1434 2290 vel
1458 2252 1499 2288 in
1517 2252 1643 2301 hi<sts
1656 2252 1718 2299 V>

143 2304 398 2352 corrigendum
415 2314 487 2340 esse
499 2314 589 2340 reor.
609 2304 622 2350 ss
641 2302 864 2350 salutatum]
878 2303 1027 2347 conieci,
1047 2302 1277 2338 salutaretur
1291 2302 1332 2347 V,
1349 2301 1534 2337 salutaret
1551 2301 1716 2337 Gerlach.

264 2379 433 2422 Comm.
492 2380 684 2432 Pompeio
716 2394 763 2419 ex
787 2380 985 2431 Hispania
1009 2379 1194 2420 redeunti
1218 2379 1376 2430 plebem
1402 2379 1562 2419 obviam
1586 2378 1718 2430 ivisse,

143 2441 248 2482 hane
277 2440 372 2482 vero
402 2441 521 2480 illum
557 2440 598 2479 in
630 2440 814 2480 contione
850 2440 902 2479 ad
933 2440 1071 2480 aedem
1100 2440 1292 2479 Bellonae
1323 2439 1464 2478 habita
1496 2438 1586 2478 dein
1619 2439 1718 2478 allo-

144 2499 286 2543 autum
316 2513 400 2541 esse
433 2495 499 2556 (ef.
526 2501 574 2540 fr.
600 2500 659 2539 IV
684 2496 880 2554 44—47)
914 2500 1084 2540 coniecit
1113 2499 1289 2539 Dietsch.
1339 2499 1396 2538 At
1425 2499 1528 2538 falso
1554 2499 1601 2537 de
1628 2511 1718 2538 oon-

144 2561 254 2602 tione
272 2561 347 2601 illa
363 2561 637 2613 fragmentum
655 2560 944 2611 interpretatus
969 2561 1041 2612 est,
1067 2559 1215 2600 etenim
1240 2559 1316 2599 etsi
1342 2572 1430 2599 eam
1457 2558 1508 2598 ad
1525 2558 1718 2598 Bellonae

145 2621 285 2662 aedem
319 2620 444 2662 fuisse
481 2620 672 2661 concedas
711 2620 859 2671 (neque
897 2619 983 2660 iure
1022 2620 1184 2671 quidem
1221 2613 1448 2672 concedes),
1492 2620 1598 2658 certe
1639 2631 1718 2658 non

145 2681 284 2722 eodem
313 2682 493 2732 tempore
524 2682 566 2720 et
595 2680 715 2720 rediit
746 2681 787 2719 et
811 2680 862 2719 ad
886 2680 1084 2731 populum
1109 2681 1269 2720 loeutus
1294 2681 1355 2719 est
1380 2678 1612 2729 Pompeius:
1645 2678 1718 2718 sci·

143 2741 241 2782 lieet
283 2740 504 2782 orationem
546 2740 690 2780 habuit
732 2740 814 2779 iam
851 2741 990 2780 consul
1027 2740 1272 2792 designatus.
1339 2739 1485 2778 Melius
1523 2751 1617 2778 vero
1655 2752 1718 2789 res

144 2801 371 2855 fingmento
407 2800 613 2840 illustrata
651 2800 702 2839 ad
738 2813 889 2839 annum
922 2802 974 2841 67
1014 2800 1213 2851 pertinere
1251 2799 1428 2851 videtur,
1473 2811 1566 2838 oum
1601 2798 1719 2838 vietis

144 2861 268 2902 maris
305 2860 562 2902 occidentalis
598 2859 867 2912 praedonibus
904 2861 1073 2901 Romam
1110 2859 1325 2910 Pompeius
1362 2858 1499 2910 rediit3
1539 2871 1585 2898 ac
1615 2851 1717 2898 ⁴sane

144 2922 244 2962 tune
268 2934 294 2962 a
316 2915 468 2973 populo
494 2933 649 2961 summo
675 2920 823 2973 gaudio
849 2922 1036 2972 exceptus
1062 2922 1123 2960 est
1147 2922 1270 2971 atque
1297 2920 1509 2971 salutatus,
1534 2919 1584 2958 cf.
1608 2918 1716 2958 Plut.

249 2040 376 2087 26⁸2.
407 2041 506 2084 -Eo
537 2040 783 2084 redeunte
815 2040 1033 2098 domum,
1065 2039 1349 2083 salutatum
1380 2039 1514 2095 apud
1544 2039 1717 2081 aedem
1794 2037 1798 2041 '
