1976 3190
267 155 322 197 36
763 154 917 190 Sallusti
941 153 1191 191 Historiarum
1215 156 1280 191 lib.
1301 156 1327 191 I.

205 274 247 306 19
267 263 323 304 ab
356 262 430 304 illo
463 262 625 304 bellum
656 262 816 304 suadet.
878 263 995 306 Haeo
1026 263 1061 306 si
1093 263 1276 319 placent,
1307 263 1344 305 si
1375 265 1495 304 tanta
1526 262 1706 318 torpedo
1737 263 1822 306 ani-

267 348 359 374 mos
391 332 596 387 obrepsit,
626 335 676 374 ut
708 333 834 375 obliti
860 334 1067 377 scelerum
1093 333 1263 389 Cinnae,
1295 333 1415 375 ouius
1440 333 1486 375 in
1509 333 1660 375 urbem
1683 333 1824 376 reditu

267 404 392 445 decus
431 402 589 445 ordinis
625 403 753 446 huius
790 404 965 461 interiit,
1001 405 1137 448 nihilo
1174 405 1316 447 minus
1347 419 1422 446 vos
1460 406 1588 459 atque
1620 403 1823 462 coniuges

267 476 309 515 et
346 473 507 516 liberos
536 473 701 529 Lepido
742 475 991 530 permissuri
1032 475 1146 532 sitis,
1190 475 1293 531 quid
1333 489 1441 530 opus
1480 474 1678 532 decretis,
1721 474 1824 531 quid

203 557 246 588 20
267 544 427 586 auxilio
470 543 640 587 Catuli?
701 545 814 596 Quin
855 546 893 588 is
937 549 979 589 et
1023 546 1079 588 ali
1123 546 1227 589 boni
1271 561 1362 588 rem
1405 545 1624 600 publicam
1665 540 1824 589 frustm

266 617 427 656 curant.
488 614 620 672 Agite
652 619 701 658 ut
730 616 852 674 libet,
890 620 1038 672 parate
1075 617 1199 659 vobis
1232 616 1411 673 Cethegi
1449 619 1577 671 atque
1614 616 1699 659 alia
1728 626 1824 672 pro-

267 686 455 728 ditorum
486 687 736 746 patrocinia,
769 688 842 743 qui
873 688 1045 743 rapinas
1077 691 1120 730 et
1152 688 1346 730 incendia
1376 687 1613 729 instaurare
1644 687 1824 743 eupiunt

267 760 310 798 et
341 772 487 799 rursus
520 757 742 800 adversum
774 758 874 801 deos
912 758 1081 814 penatis
1118 773 1269 800 manus
1300 772 1473 800 armare.
1533 757 1610 818 Sin
1645 757 1825 801 libertas

267 831 311 870 et
341 843 440 870 vera
471 828 609 885 magis
640 829 830 886 placent,
867 829 1080 872 decernite
1119 829 1248 886 digna
1283 829 1456 871 nomine
1494 831 1538 870 et
1574 831 1728 886 augete
1763 828 1825 872 in-

201 910 243 941 21
266 898 440 955 genium
470 899 574 941 viris
605 899 801 942 fortibus.
863 899 998 942 Adest
1028 915 1162 942 novos
1193 900 1415 955 exereitus,
1447 900 1500 941 ad
1529 899 1611 942 hoc
1635 899 1826 942 coloniae

265 972 459 1012 veterum
478 969 676 1026 militum,
701 970 908 1013 nobilitas
928 971 1077 1027 omnis,
1098 962 1225 1013 duces
1245 970 1416 1026 optimi:
1441 971 1614 1013 fortuna
1631 970 1828 1013 meliores

268 1041 479 1096 sequitui-3
505 1041 590 1082 iam
616 1041 690 1082 illa
716 1056 823 1096 quae
849 1041 1041 1083 socordia
1065 1044 1212 1084 nostra
1238 1041 1416 1083 oolleeta
1435 1043 1545 1097 sunt,
1571 1040 1826 1084 dilabentur.

204 1124 246 1154 22
266 1110 406 1161 Quare
444 1111 505 1152 ita
546 1125 714 1153 censeo:
761 1111 963 1166 quoniam
1006 1111 1120 1166 <Μ.>
1151 1111 1338 1166 Lepidus
1383 1111 1616 1159 exercitum
1658 1111 1828 1168 privato

267 1181 445 1223 oonsilio
477 1184 676 1237 paratum
707 1197 803 1224 oum
834 1182 1032 1237 pessimis
1065 1185 1107 1224 et
1137 1182 1337 1225 hostibus
1367 1182 1428 1224 rei
1454 1182 1653 1238 publicae
1679 1185 1827 1226 eontra

267 1252 396 1294 huius
422 1253 583 1295 ordinis
608 1253 907 1295 auctoritatem
933 1253 986 1295 ad
1010 1253 1162 1295 urbem
1188 1253 1316 1308 ducit,
1341 1253 1406 1295 uti
1430 1252 1603 1309 Appius
1629 1253 1829 1296 Claudius

267 1323 455 1366 interrex
493 1339 589 1366 oum
621 1323 666 1374 Q.
700 1323 851 1366 Catulo
887 1339 965 1379 pro
1005 1324 1176 1366 consule
1215 1327 1257 1366 et
1295 1324 1464 1380 ceteris,
1501 1324 1660 1379 quibus
1696 1324 1828 1380 impe—

266 1394 378 1436 rium
404 1397 480 1450 est,
511 1395 610 1437 urbi
637 1395 849 1450 praesidio
882 1395 968 1437 sint
1000 1410 1259 1450 operamque
1291 1395 1404 1451 dent,
1435 1409 1488 1437 ne
1521 1394 1623 1450 quid
1653 1409 1722 1438 res
1750 1409 1828 1450 pu—

271 1465 384 1507 blica
415 1465 661 1507 detrimenti
692 1465 846 1520 capiat.

386 1570 646 1606 Testimon:
687 1574 741 1606 19.
773 1570 918 1606 Nonius
943 1571 995 1605 III
1024 1583 1059 1616 p.
1082 1574 1166 1606 229:
1201 1570 1400 1606 Sallustius
1430 1570 1674 1606 historiarum
1702 1569 1768 1607 lib.
1794 1570 1828 1607 I:

270 1617 377 1652 ‘haec
397 1617 456 1653 si.
497 1617 742 1663 ...'obrepsit
760 1639 804 1644 —-
819 1617 960 1654 Charis.
974 1630 1009 1664 p
1025 1621 1088 1655 86·
1110 1618 1338 1654 Sallustius
1402 1618 1697 1664 .‘torpedinem’
1720 1617 1827 1654 dixit.

388 1716 441 1748 19.
469 1712 651 1766 obrepsit]
678 1713 863 1758 oppressit
888 1714 929 1757 V,
955 1712 1123 1758 obrepsit
1144 1713 1184 1747 F
1198 1714 1327 1757 Nouii,
1354 1712 1547 1758 obprepsit
1567 1713 1608 1748 F
1626 1725 1723 1749 man.
1748 1724 1826 1758 sec„

269 1760 320 1803 H,
347 1759 507 1795 obressit
527 1761 572 1804 L,
598 1760 784 1805 oppressit
806 1761 859 1804 G,·
885 1725 1070 1806 obrepsitp
1071 1762 1186 1806 iyitwr
1199 1761 1346 1796 Nouius
1363 1762 1528 1796 habuisse
1546 1761 1700 1805 videtur,
1724 1761 1830 1796 cwius

267 1809 309 1842 iu
334 1808 444 1842 libros
468 1819 512 1843 eae
537 1808 767 1843 Sallustiana
791 1789 924 1854 sylloye
949 1809 1103 1843 alterum
1131 1809 1276 1843 illatum
1306 1812 1372 1852 est,
1405 1807 1571 1853 obrepsit
1601 1820 1626 1843 a
1651 1807 1827 1844 Sallustio

267 1855 442 1938 sIcffpg-aegm
467 1866 538 1891 esse
562 1856 641 1891 iure
666 1856 827 1900 defendit
845 1855 995 1891 Dietseh
1018 1856 1160 1891 collatis
1178 1867 1229 1900 ep.
1250 1856 1293 1891 de
1311 1867 1350 1891 re
1363 1856 1464 1900 publ
1485 1858 1522 1899 8,
1543 1857 1566 1891 7
1584 1859 1618 1891 et
1641 1855 1724 1892 Tac.
1743 1855 1825 1892 hist.

388 1953 442 1985 20.
470 1949 523 1984 ali
547 1949 654 1996 boni]
680 1949 824 1985 aliboni
850 1950 890 1986 V.
917 1970 961 1975 —
986 1949 1153 1996 nomine]
1178 1949 1320 1984 nomini
1352 1950 1392 1985 V.

388 2000 442 2032 21.
468 1998 601 2044 novos]
627 1998 679 2033 sic
705 1998 743 2033 V.
772 2018 815 2023 —-
841 1997 986 2044 nostra]
1011 1998 1140 2032 vostra
1165 1998 1256 2033 coni.
1283 1997 1442 2033 Dietsch.

391 2048 446 2080 22.
472 2044 668 2091 M(arous)]
694 2045 778 2080 adol.
809 2044 930 2081 Orelli.

391 2127 465 2172 78.
532 2128 854 2184 Numeroque
897 2131 1184 2186 praestans,
1228 2129 1406 2184 privos
1447 2127 1558 2184 ipse
1594 2127 1825 2170 militiae.

387 2221 493 2267 App
546 2221 720 2267 (1100D,
748 2221 873 2267 10:311,
900 2221 1017 2267 94G)
1044 2243 1088 2248 -
1114 2222 1221 2257 Arus
1246 2232 1282 2267 p.
1303 2224 1383 2257 503.

389 2298 554 2337 Oomm
617 2298 776 2349 Ingenti
813 2311 976 2338 numero
1021 2298 1237 2337 exercitum
1274 2311 1297 2336 a
1333 2298 1484 2348 Lepido
1525 2299 1706 2338 coactum
1744 2310 1827 2338 esse

270 2370 361 2396 eum
386 2359 551 2407 constet,
576 2357 709 2406 ipsum
732 2370 826 2396 vero
852 2370 943 2396 cum
967 2357 1136 2396 militiae
1160 2357 1418 2409 perignarum
1442 2357 1564 2395 fuisse
1588 2357 1706 2395 rebus
1729 2356 1827 2406 ipsis

270 2416 459 2455 doceatur
494 2417 634 2466 postea
665 2416 804 2467 gestis,
841 2416 950 2454 haud
987 2416 1240 2455 abnuendum
1275 2416 1374 2455 mihi
1403 2416 1563 2455 videtur
1595 2415 1646 2454 de
1676 2415 1826 2465 Lepido

271 2476 344 2514 hoc
381 2476 605 2526 fragmento
638 2475 722 2526 agi3
761 2487 883 2525 quare
915 2475 971 2513 ibi
1007 2475 1050 2513 id
1080 2475 1266 2527 apposui,
1303 2475 1374 2514 ubi
1410 2475 1583 2525 impetus
1613 2473 1755 2525 Lepidi
1785 2474 1827 2512 in

270 2535 410 2574 urbem
439 2533 571 2573 factus
603 2546 649 2572 ao
678 2534 862 2583 repulsus
894 2535 1260 2574 commemorandus
1291 2536 1387 2574 erat.
1444 2542 1447 2544 “

393 2624 467 2670 79.
516 2623 665 2679 Apud
694 2623 952 2667 Mutinam.

389 2718 495 2764 App.
542 2717 573 2764 (Ι
592 2716 693 2762 501),
714 2716 815 2762 52Κ,
838 2716 938 2762 wer,
957 2717 1106 2763 1122400
1120 2719 1158 2753 et
1170 2721 1239 2753 419
1253 2718 1327 2764 Br)
1349 2738 1392 2744 -
1410 2716 1524 2752 Prisc.
1539 2715 1608 2752 XV
1627 2715 1738 2762 (mp.
1754 2717 1825 2763 6⁷).

392 2801 467 2846 80.
516 2801 706 2858 Fugam
737 2802 1039 2844 maturabat.

390 2894 499 2940 App.
549 2895 580 2940 (I
599 2898 666 2930 107
679 2894 724 2940 D,
752 2898 819 2930 115
831 2894 876 2940 K,
903 2897 970 2930 126
986 2893 1029 2939 G,
1054 2893 1071 2928 I
1094 2906 1130 2939 p.
1150 2898 1221 2930 444
1233 2894 1308 2941 ΒΥ.)
1335 2915 1379 2921 ——
1404 2895 1510 2930 Arus.
1536 2906 1571 2940 p.
1590 2897 1672 2930 492.
