1976 3190
304 137 360 178 20
798 135 953 171 Sallusti
977 135 1228 171 Historiarum
1252 135 1316 171 lib.
1336 136 1362 171 I.

423 242 498 287 53.
559 243 614 285 Id
658 243 849 285 bellum
893 244 1155 286 excitabat
1197 246 1360 286 metus
1396 242 1606 298 Pompei
1641 243 1856 288 victoris

303 314 647 369 Hiempsalem
678 313 729 355 in
759 329 966 371 regnum
997 314 1336 357 restituentis.

420 407 526 451 App.
578 406 607 451 (I
632 410 677 441 39
690 406 740 451 D,
772 407 881 452 4411,
914 406 1020 451 29G‚
1051 407 1068 442 I
1092 419 1126 452 p.
1148 407 1301 452 332Br.)
1327 428 1371 432 ——-
1399 406 1541 442 Gellius
1566 407 1616 442 LX
1642 410 1704 452 12,
1723 410 1778 443 14.
1810 428 1855 435 -

302 453 446 488 Nonius
471 454 505 488 Π
528 466 563 498 p.
587 457 654 488 140
679 465 790 499 usque
819 455 870 490 ad
896 453 1089 490 ‘victoris’.
1115 457 1127 499 ΙΙ
1151 454 1206 501 id]
1237 454 1285 489 ad
1310 455 1344 489 L
1370 454 1498 490 Nonii.
1530 475 1574 480 —
1605 453 1774 502 Pompei]
1804 455 1857 492 sic

303 502 403 536 codd.
433 500 544 536 Gellii
562 505 708 546 praeter
732 501 819 547 BQ.

424 576 590 616 Comm.
658 577 818 616 Bellum
855 577 962 627 quod
992 577 1205 627 Pompeius
1242 580 1379 616 contra
1415 577 1608 617 Hiarbam
1643 577 1856 618 Numidas-

306 649 381 685 que
413 636 591 675 Domitio
624 637 777 676 devicto
809 636 933 687 gessit
963 636 1114 675 dictum
1145 639 1214 675 est.

920 907 1126 954 CAPUT
1165 907 1250 954 III.

687 1009 948 1054 Tumultus
978 1010 1163 1066 Lepidi,
1195 1010 1260 1055 fr.
1288 1009 1487 1054 54—83.

464 1110 669 1148 Intersunt
687 1109 746 1146 „de
780 1109 940 1148 Servilii
971 1109 1232 1160 expeditionis
1263 1109 1389 1148 initiis
1419 1109 1466 1147 fr.
1493 1110 1547 1149 56
1575 1110 1616 1147 et
1640 1111 1708 1149 57.

961 1230 1209 1269 Enarratio.

425 1305 551 1348 Anno
580 1307 634 1349 78
667 1306 861 1348 consules
892 1306 994 1348 facti
1020 1309 1120 1348 sunt
1146 1305 1192 1356 Q.
1218 1306 1417 1349 Lutatius
1444 1306 1619 1349 Catulus
1643 1307 1699 1350 M.
1724 1281 1866 1350 Aemiss

305 1377 389 1420 lius
419 1377 626 1434 Lepidus,
664 1392 845 1432 quorum
876 1377 948 1418 ille
981 1376 1143 1419 Sullam
1175 1378 1453 1435 sequebatur,
1489 1377 1559 1420 hic
1590 1377 1864 1433 popularium

306 1449 483 1490 tenebat
515 1450 671 1503 partes.
734 1447 900 1498 Quibus
932 1448 1199 1490 consulatum
1225 1448 1430 1505 ingressis
1455 1448 1558 1490 adeo
1584 1447 1722 1491 denuo
1748 1463 1863 1490 exar-

307 1522 454 1561 serunt
493 1518 706 1561 nobilium
747 1519 1107 1574 populariumque
1148 1519 1415 1576 inimicitiae,
1454 1522 1502 1561 ut
1542 1519 1592 1561 de
1631 1518 1865 1562 levioribus

308 1605 477 1645 quoque
503 1590 632 1632 rebus
653 1589 854 1632 acerrime
880 1590 925 1631 in
951 1590 1224 1632 contionibus
1249 1589 1517 1645 comitiisque
1540 1580 1866 1633 contenderetur

236 1664 293 1706 54
307 1660 382 1719 (fr.
410 1659 503 1717 54);
535 1661 638 1716 quin
663 1660 756 1716 ipse
788 1660 935 1702 consul
959 1660 1015 1702 M.
1042 1660 1230 1716 Lepidus
1261 1675 1461 1717 magnam
1491 1660 1536 1703 in
1561 1659 1703 1704 Sullae
1734 1661 1864 1705 domi-

237 1735 294 1777 55
308 1732 525 1774 nationem
574 1732 729 1773 habuit
776 1731 1013 1774 orationem
1063 1730 1099 1789 (1
1110 1748 1141 1774 r.
1179 1730 1267 1789 55).
1350 1731 1466 1782 Quae
1518 1732 1619 1774 dum
1667 1735 1864 1789 aguntur,

236 1806 292 1848 56
309 1803 448 1858 primo
489 1817 587 1845 vere
629 1801 703 1859 (fr.
731 1801 807 1859 56)
844 1802 890 1844 P.
929 1802 1133 1844 Servilius
1173 1817 1251 1857 pro
1293 1802 1466 1844 consule
1506 1817 1530 1844 a
1561 1801 1679 1845 Sulla
1718 1805 1866 1846 contra

308 1874 545 1930 praedones
595 1873 831 1928 Cilicesque
881 1873 1036 1915 missus
1085 1875 1170 1929 est,
1226 1872 1345 1914 cuius
1401 1872 1687 1928 expeditionis
1735 1873 1865 1916 etiam

310 1945 352 1988 O.
393 1944 529 1987 Iulius
574 1943 728 1986 Caesar
770 1944 935 1986 iuvenis
979 1943 1196 1999 particeps
1238 1943 1330 1985 fieri
1373 1942 1537 1999 maluit,
1582 1958 1708 1999 quam
1751 1944 1866 1987 domi

236 2018 290 2060 57
306 2017 507 2059 florentes
539 2015 697 2057 intueri
723 2014 865 2057 Sullae
896 2029 963 2056 res
994 2014 1069 2072 (fr.
1096 2013 1184 2072 57).
1235 2013 1317 2056 Sed
1343 2013 1472 2070 Sulla,
1504 2013 1576 2069 qui
1609 2013 1697 2057 ruri
1728 2014 1866 2057 adhuc

306 2087 472 2129 vixerat
503 2086 651 2142 ibique
677 2100 774 2128 cum
799 2085 941 2128 mimis
967 2085 1109 2127 eiusve
1134 2085 1250 2127 modi
1275 2084 1523 2127 hominibus
1546 2099 1673 2142 agere
1699 2085 1866 2128 solebat

306 2158 455 2216 (Plut.
487 2157 607 2200 Sull.
639 2172 672 2199 c.
699 2156 788 2214 36),
820 2156 964 2199 subito
997 2157 1150 2198 morbo
1183 2158 1405 2211 correptus
1437 2158 1520 2197 est:

365 2229 495 2271 Plut.
537 2243 570 2270 c.
606 2230 680 2271 37:
728 2230 812 2284 πρὸ
857 2234 958 2283 μιᾶς
1002 2226 1050 2269 δὲ

307 2299 470 2356 ἡμέρας
517 2301 772 2354 πυθόμενος
821 2300 910 2341 τὸν
958 2299 1049 2354 ἄρ-

307 2386 464 2426 χοντα
503 2370 754 2424 Γράνιον,
798 2370 862 2419 ὡς
905 2370 1049 2424 ὀφεί-

309 2445 410 2484 λων
461 2441 717 2495 δημόσιον
765 2439 915 2495 χρέος
958 2440 1049 2482 οὐκ

309 2511 651 2565 ἀποδίδωσιν,
701 2509 796 2553 ἀλλ’
844 2511 1049 2565 ἀναμένει

309 2583 389 2637 τὴν
421 2582 557 2624 αὐτοῦ
588 2582 807 2636 τελευτήν,
845 2580 1046 2636 μετεπέμ-

307 2661 420 2704 ψατο
473 2654 552 2695 τὸν
600 2653 843 2707 ἄνθρωπον
893 2653 955 2702 εἰς
1002 2653 1051 2694 τὸ

310 2724 542 2779 δωμάτιον.
568 2722 640 2765 καὶ
665 2724 927 2778 περιστήσας
949 2725 1052 2773 τοὺς

309 2793 527 2849 ὑπηρέτας
552 2792 749 2836 ἐκέλευσε
773 2796 962 2848 πνίγειν,
994 2799 1050 2848 τῇ

311 2863 365 2907 δὲ
425 2870 622 2921 κραυγῇ
671 2863 754 2907 καὶ
805 2870 870 2922 τῷ
926 2875 1050 2906 σπα-

1179 2226 1285 2269 Val.
1307 2226 1430 2268 Max.
1454 2225 1516 2268 IX
1535 2227 1574 2283 3,
1588 2228 1633 2270 8:
1659 2226 1865 2270 ‘Puteolis

1122 2297 1235 2340 enim
1255 2297 1407 2339 ardens
1426 2296 1732 2354 indignatione,
1751 2298 1865 2353 quod

1125 2368 1324 2420 Granius,
1343 2369 1537 2422 princeps
1563 2369 1652 2410 eius
1675 2368 1864 2420 coloniae,

1113 2440 1336 2493 pecuniam
1384 2454 1409 2480 a
1463 2438 1764 2481 decurionibus
1813 2439 1866 2480 ad

1122 2509 1396 2552 refectionem
1440 2508 1641 2566 Capitolii
1686 2509 1864 2565 promis-

1121 2595 1211 2622 sam
1242 2581 1497 2623 cunctcmtius
1527 2582 1653 2632 damet,

1123 2793 1258 2834 animi
1288 2792 1550 2835 concitatione
1582 2792 1717 2835 nimia
1746 2795 1866 2847 atque

1122 2865 1387 2906 immoderato
1398 2863 1504 2905 vocis
1515 2864 1666 2918 impetu
1679 2863 1865 2906 convulso
