2034 3184
316 139 400 181 178

792 138 947 180 sallusti
970 138 1221 174 Historiarum
1244 139 1309 176 lib.
1329 128 1412 176 rvj

314 261 410 288 cum
450 245 654 287 Lucullus
690 246 886 303 haberet,
927 249 1072 289 tamen
1109 246 1377 303 Euphratem
1413 246 1537 289 facilc
1576 249 1870 304 transgressus

311 315 625 371 Armeniosque
651 315 826 358 adortus
851 331 874 358 0
899 317 1006 360 00110
1033 318 1215 374 quodam
1234 318 1279 360 in
1305 317 1602 374 cataphractos
1625 317 1792 374 equites
1816 334 1869 362 ex

311 387 442 428 latere
474 386 685 441 impetum
715 387 830 445 fecit,
862 387 1019 443 quibus
1043 389 1206 446 fugatis
1230 388 1481 431 brevissimo
1507 388 1645 432 omnis
1670 389 1869 447 Tigranis

311 458 522 499 exercitus
554 472 650 499 cum
687 472 788 515 rege
819 458 915 514 ipso
946 459 992 501 in
1022 460 1170 517 fugam
1201 474 1429 502 conversus
1464 462 1528 502 est
1560 458 1708 518 (Plut.
1740 476 1774 504 c.
1798 463 1870 518 27,

146 531 213 583 66,
234 531 287 572 67
311 530 384 584 28,
423 528 528 570 adde
566 528 621 570 fr.
649 530 722 585 66,
755 527 843 587 67).
903 529 1048 586 Atque
1085 530 1214 586 paulo
1255 533 1356 586 post
1398 544 1589 587 pugnam
1632 532 1870 575 confectam

307 599 557 642 Mithridate
589 599 764 657 Tigrani
797 600 968 643 obviam
999 601 1111 643 facto
1149 604 1328 657 uterque
1358 601 1557 644 fiduciam
1589 617 1709 645 suam
1739 605 1868 659 atque

308 686 413 726 opes
449 671 738 728 redintegrare
770 671 934 714 studuit
966 671 1114 730 (Plut.
1145 672 1256 715 Luc.
1289 687 1322 714 c.
1349 674 1405 716 29
1437 673 1490 714 ad
1521 669 1642 717 οὗτοι
1674 671 1755 730 μὲν
1785 671 1867 718 οὖν

232 743 286 785 68
308 739 442 793 αὖθις
480 741 628 799 ἑτέρας
665 743 874 798 δυνάμεις
910 749 1126 798 συνῆγον,
1169 743 1222 785 ad
1261 743 1342 786 hoc
1379 744 1434 786 fr.
1462 743 1557 802 68),
1595 744 1868 788 Mithridates

306 816 449 854 autem
479 813 664 868 epistula
694 813 748 855 ad
771 813 985 870 Arsacem,
1016 813 1276 856 Parthorum
1306 829 1464 871 regem,
1495 815 1626 858 missa
1655 816 1709 858 ad
1739 816 1868 859 socie-

231 885 285 926 69
306 886 440 925 tatem
471 899 686 926 armorum
718 899 814 926 eum
845 899 1094 940 permovere
1126 888 1304 927 conatus
1335 888 1400 928 est
1433 883 1508 943 (fr.
1535 885 1624 945 69).

422 954 483 996 At
508 955 669 997 Romae
695 955 739 996 in
763 955 991 998 Lucullum
1021 955 1295 998 vehementer
1318 956 1475 999 invecti
1500 961 1601 1000 sunt
1624 958 1867 1016 populares,

306 1026 357 1068 cf.
388 1025 518 1068 Plut.
557 1041 589 1068 c.
617 1027 694 1068 24:
739 1025 787 1069 ἐν
832 1024 881 1069 δὲ
913 1025 1050 1083 Ῥώμῃ

303 1100 527 1152 καταβοᾶν
557 1095 630 1139 καὶ
668 1098 1049 1155 διαμαρτύρεσθαι

303 1170 406 1218 τοὺς
438 1169 741 1223 δημαγωγούς,
773 1168 833 1219 ὡς
856 1170 1050 1225 πόλεμον

229 1243 284 1283 70
305 1238 351 1282 ἐκ
375 1238 570 1295 πολέμου
597 1240 745 1282 διώκει
765 1241 1050 1291 Λούκουλλος

303 1308 436 1352 οὐδὲν
490 1316 567 1364 τῆς
621 1312 789 1362 πόλεως
837 1313 1048 1367 δεομένης

302 1379 397 1424 ἀλλ’
439 1378 568 1438 ὑπὲρ
612 1387 703 1424 τοῦ
745 1390 1047 1439 στρατηγῶν

302 1451 558 1507 μηδέποτε
613 1453 941 1496 καταθέσθαι
988 1455 1047 1496 τὰ

302 1523 432 1566 ὅπλα
462 1521 575 1578 μηδὲ
602 1525 859 1567 παύσασθαι
883 1540 1047 1581 χρημα-

301 1596 523 1650 τιζόμενος
548 1594 632 1637 ἀπὸ
658 1602 748 1638 τῶν
769 1603 934 1638 κοινῶν
953 1611 1046 1638 κιν-

301 1667 463 1709 δύνων.

362 1805 498 1850 Οὗτοι
524 1806 604 1863 μὲν
631 1804 713 1850 οὖν
739 1807 1044 1865 ἐξειργάσαντο

299 1881 444 1938 χρόνῳ
475 1880 556 1934 τὴν
587 1879 734 1922 αὐτῶν
763 1880 994 1923 ὑπόθεσιν.

1181 1026 1282 1069 Dio
1325 1041 1357 1069 c.
1397 1029 1446 1070 2:
1487 1027 1561 1072 καὶ
1605 1028 1681 1072 ἀπ’
1727 1029 1866 1074 αὐτοῦ

1121 1097 1194 1141 καὶ
1238 1101 1384 1141 αἰτίαν
1424 1099 1484 1150 ὡς
1526 1100 1608 1142 οὐκ
1651 1099 1866 1156 ἐθελήσας

1121 1171 1200 1212 τὸν
1212 1171 1418 1226 πόλεμον,
1437 1170 1572 1221 ὅπως
1587 1170 1865 1215 ἐπὶπλεῖον

1121 1241 1249 1296 ἄρχῃ
1275 1238 1349 1298 (fr.
1372 1239 1460 1298 70),
1483 1245 1723 1285 καταλῦσαι
1746 1242 1865 1300 παρά

1119 1327 1165 1354 τε
1195 1319 1288 1361 τοῖς
1324 1312 1475 1362 ἄλλοις
1509 1311 1583 1355 καὶ
1618 1314 1736 1370 παρὰ
1772 1321 1866 1365 τοῖς

1118 1385 1318 1433 πολίταις
1356 1385 1462 1438 ἔσχε.
1523 1381 1597 1426 καὶ
1628 1384 1703 1427 διὰ
1732 1389 1864 1427 τοῦτο

1119 1455 1216 1496 τότε
1246 1454 1348 1509 <τε>
1380 1455 1442 1504 εἰς
1466 1455 1571 1505 τοὺς
1595 1455 1865 1510 στρατηγοὺς

1119 1524 1200 1579 τὴν
1236 1524 1376 1581 ἀρχὴν
1411 1530 1489 1580 τῆς
1521 1523 1667 1577 Ἀσίας
1705 1525 1864 1580 ἐπανή-

1117 1610 1258 1650 γαγον
1287 1594 1361 1638 καὶ
1390 1596 1497 1652 μετὰ
1521 1595 1671 1652 ταῦθ’,
1701 1596 1761 1647 ὡς
1789 1594 1863 1640 καὶ

1118 1663 1253 1717 αὖθις
1285 1668 1335 1710 τὸ
1367 1666 1474 1710 αὐτὸ
1511 1673 1643 1711 τοῦτο
1684 1682 1888 1722 muman-⁴

1116 1736 1241 1781 κέναι
1272 1737 1405 1795 ἔδοξε,
1435 1739 1515 1781 τὸν
1544 1738 1715 1782 ὕπατον
1741 1737 1860 1796 αὐτῷ

1116 1810 1196 1852 τὸν
1237 1806 1330 1851 κατ’
1374 1807 1544 1852 ἐκεῖνον
1582 1810 1662 1852 τὸν
1697 1809 1861 1866 χρόνον

1117 1881 1224 1922 ὄντα
1255 1879 1464 1935 διάδοχον
1495 1881 1704 1935 ἔπεμψαν.

419 1949 540 2000 Quod
571 1950 701 1993 etiam
734 1954 828 1993 tum
860 1951 1060 2008 effugisse
1097 1966 1184 1993 non
1214 1950 1384 1993 videtur
1413 1951 1629 2006 Lucullus,
1657 1949 1742 1994 nisi
1773 1964 1860 1994 cor-

227 2024 274 2065 71
301 2020 442 2076 ruptis
473 2021 660 2064 tribunis
694 2022 952 2077 quibusdam
983 2021 1059 2080 (fr.
1087 2021 1174 2079 71).

415 2091 566 2147 Itaque
593 2092 758 2135 devicto
778 2093 962 2150 Tigrane
987 2093 1082 2148 ipsa
1105 2093 1243 2135 denuo
1263 2092 1567 2150 Tigranocerta
1591 2091 1860 2150 oppugnavit

298 2178 346 2205 ac
371 2163 614 2218 proditione
641 2163 756 2219 cepit
782 2164 1061 2221 diripuitque,
1092 2163 1243 2206 deinde
1271 2166 1502 2219 postquam
1526 2162 1704 2218 Arabes,
1736 2162 1859 2206 Com—

298 2249 514 2290 magenos,
546 2233 795 2277 Gorduenos
825 2234 871 2276 in
902 2234 1163 2276 deditionem
1194 2233 1376 2289 accepit,
1408 2233 1454 2275 in
1483 2233 1643 2275 finibus
1675 2231 1859 2276 Gordue-
1895 2295 1898 2298 Δ

223 2308 278 2349 72
297 2319 451 2347 norum
494 2304 572 2362 (fr.
607 2304 681 2363 72)
724 2305 906 2347 hiberna
948 2319 1075 2362 agere
1119 2305 1345 2348 constituit
1390 2303 1538 2362 (Plut.
1575 2318 1608 2346 c.
1642 2305 1718 2360 29,
1758 2304 1856 2347 Dio

297 2391 330 2418 c.
342 2378 381 2431 2,
392 2374 539 2433 3—5).
572 2375 663 2425 Qua
682 2376 821 2418 hieme
842 2392 938 2419 011111
950 2376 1123 2419 Parthis
1143 2377 1194 2418 de
1211 2375 1503 2433 foederebelli
1517 2374 1619 2431 egit,
1639 2375 1855 2418 abnuente

296 2462 395 2490 vcro
433 2446 590 2489 Arsace
627 2461 728 2503 rege
769 2447 854 2489 iam
892 2448 1055 2490 bellum
1092 2447 1178 2490 illis
1214 2446 1483 2489 inferendum
1519 2445 1718 2501 parabat,
1758 2460 1854 2488 cum

295 2518 455 2560 milites
482 2518 689 2560 seditione
715 2521 860 2560 coorta
885 2521 1050 2561 tantam
1075 2518 1179 2561 belli
1205 2518 1362 2560 molem
1386 2518 1686 2560 recusaverunt
1705 2514 1854 2573 (Plut.

222 2593 277 2634 73
298 2605 330 2631 c.
357 2590 432 2646 30,
474 2589 558 2631 Dio
590 2603 623 2631 0.
649 2591 694 2643 3,
737 2589 842 2631 adde
882 2589 940 2631 fr.
969 2589 1055 2647 73).

1115 2589 1266 2645 Itaque
1306 2588 1443 2631 multa
1483 2588 1654 2629 demum
1692 2589 1853 2629 aestate

295 2675 442 2703 rursus
468 2661 513 2702 in
535 2659 784 2702 Armeniam
814 2660 897 2701 iter
927 2660 1041 2717 fecit,
1072 2663 1121 2702 ut
1145 2659 1366 2714 Artaxata,
1398 2660 1528 2714 caput
1558 2661 1709 2713 terrae,
1739 2673 1852 2700 ever-

295 2734 422 2787 teret3
454 2731 522 2773 cui
547 2731 755 2788 Tigranes
787 2745 883 2772 cum
909 2731 961 2772 ad
979 2731 1206 2774 Arsaniam
1231 2732 1390 2774 flumen
1416 2731 1667 2786 occurreret,
1696 2728 1852 2770 iterum

295 2818 320 2844 a
361 2802 541 2845 Lucullo
590 2801 756 2859 ingenti
806 2801 923 2844 clade
973 2805 1198 2857 superatus
1242 2805 1307 2844 est
1351 2800 1506 2859 (Plut.
1550 2814 1583 2842 0.
1620 2800 1698 2855 31,
1745 2799 1851 2841 adde

64 2876 276 2932 74,75‚76
295 2874 349 2916 fr.
379 2876 518 2916 Tar—7
526 2872 583 2931 6).
644 2873 849 2915 Attamen
874 2872 1078 2914 Lucullus
1108 2873 1280 2929 longius
1310 2871 1512 2929 progredi
1540 2869 1699 2926 frigore
1723 2869 1850 2912 same-
