1916 3178
758 151 1051 195 „53-

10 283 17 299 .
87 246 252 327 ''w‘’
279 257 543 315 tribuamus3
574 258 650 302 sed
678 257 838 302 rectius
863 259 1045 302 fortasse
1070 259 1254 317 Livium,
1285 264 1334 304 ut
1359 262 1540 318 saepius,
1566 263 1696 306 etiam

18 352 21 353 ⁷
68 367 69 371 ,
92 318 194 399 Igfflu
219 328 353 374 talem
382 345 476 373 rem
504 329 738 373 Plutarcho
770 329 997 372 tradidisse
1027 333 1240 386 putemus.

66 387 110 404 ’
99 401 190 460 τῇς-ὲ,
232 399 350 458 Gap.
375 401 566 446 25—35
595 415 684 444 non
714 400 802 443 iam
840 400 951 444 sicut
981 403 1108 444 antea
1140 402 1300 446 alienas
1331 405 1565 460 particulas
1595 406 1694 450 Plu—

21 487 23 490 ⁴
53 472 292 531 Jhmhus
329 487 428 516 cum
463 472 667 530 primario
705 473 824 514 fonte
869 487 946 515 suo
985 471 1189 516 Sallustio
1233 475 1474 533 coniunxit·
1510 492 1694 534 namque

114 544 324 594 mulsere
349 544 584 601 eodemque
609 543 693 587 sibi
718 543 811 600 pari
837 545 956 587 fluxu
980 544 1144 587 labitur
1167 546 1453 601 pulcherrime
1480 549 1693 592 enarratio

54 624 262 677 galerum
296 616 421 660 annis
458 617 632 661 69—67
671 618 903 673 gestarum.
971 615 1224 660 Sallustium
1261 633 1360 661 vero
1399 620 1564 662 fontem
1601 636 1693 664 esse

12 731 14 734 ,
52 678 400 747 {fwmprobant
436 690 504 733 sat
541 687 679 730 multa
716 691 990 745 argumenta,
1026 703 1136 745 quae
1168 689 1254 732 iam
1286 690 1391 733 satis
1423 692 1691 749 collegerunt

78 787 79 790 =
112 758 245 805 Peter
267 761 398 816 atqu'e
417 758 533 803 Otto.
553 758 732 816 Saepius
758 775 928 816 quoque
947 759 1205 804 Plutarchus
1231 762 1285 804 ab
1310 762 1508 818 Appiano
1535 763 1692 806 dissen-

11 821 30 836 ’”
54 848 59 882 3
114 830 240 877 tibet
264 830 312 875 in
334 830 575 875 minoribus
601 834 644 874 et
669 831 715 874 in
746 832 1018 889 gravioribus
1043 833 1183 875 rebus.
1226 832 1341 876 Ante
1368 834 1511 877 omnia
1535 838 1692 892 autem,

53 900 63 961 Τ
113 902 307 960 iffquod
336 917 491 960 urgere
522 918 675 959 operae
712 903 902 959 pretium
932 906 1010 959 est,
1048 904 1093 946 in
1123 919 1270 962 pugna
1301 906 1355 948 ad
1385 906 1692 963 Tigranocerta

111 973 343 1019 summissa
371 974 748 1018 vehementissime
780 974 1042 1031 discrepant3
1073 975 1332 1020 Plutarchus
1363 977 1479 1020 enim
1510 992 1690 1020 comme-

113 1048 255 1091 morat
284 1045 391 1089 duas
421 1046 620 1090 cohortes
657 1047 763 1089 duce
794 1046 976 1090 Lucullo
1009 1047 1266 1091 clibanarios
1298 1049 1449 1091 dextro
1481 1049 1527 1092 in
1559 1064 1691 1092 cornu

113 1116 346 1162 collocatos
382 1133 406 1160 e
443 1118 594 1161 dextra
631 1133 857 1176 aggressas
895 1134 1005 1175 esse,
1043 1119 1299 1163 clibanarios
1337 1123 1482 1163 autem
1520 1121 1566 1163 in
1596 1122 1690 1164 reli-

42 1202 56 1227 ·:
113 1203 243 1246 quam
272 1188 468 1246 peditum
505 1189 640 1233 aciem
678 1190 906 1247 coniectos,
943 1194 1038 1233 tum
1070 1206 1218 1234 omnes
1251 1191 1381 1234 etiam
1415 1192 1461 1235 in
1491 1193 1634 1236 fronte
1665 1209 1690 1235 a

38 1289 41 1298 ι
110 1259 320 1305 Romanis
349 1260 627 1320 impugnatos
659 1263 918 1320 fugatosque
951 1277 1053 1305 esse.
1118 1262 1278 1306 Contra
1301 1263 1526 1320 Appianus
1557 1266 1690 1307 tradit

110 1344 285 1376 omnem
313 1325 610 1377 Romanorum
639 1334 829 1391 peditem
859 1334 991 1392 longo
1023 1334 1206 1378 circuitu
1238 1335 1283 1378 in
1313 1338 1437 1393 terga
1466 1335 1689 1380 Armenio-

24 1399 43 1445 ⁴.
109 1417 207 1448 rum
235 1419 500 1462 properasse,
530 1408 625 1448 tum
662 1406 709 1448 in
739 1406 1046 1462 impedimenta
1084 1405 1302 1463 invassise,
1334 1407 1504 1451 calones
1536 1409 1589 1451 ad
1618 1424 1688 1465 pe-

20 1511 37 1538 4
111 1476 299 1520 destrem
351 1476 522 1533 copiam
576 1477 839 1535 confugisse,
894 1478 1060 1533 pedites
1115 1493 1140 1520 a
1195 1481 1319 1536 tergo
1375 1480 1542 1535 equites
1591 1495 1688 1523 cum

30 1543 31 1546 ¹
109 1547 404 1592 Romanorum
441 1548 637 1606 equitatu
679 1549 941 1606 proeliantes
979 1550 1265 1606 perturbasse.
1335 1549 1535 1594 Ceterum
1572 1555 1688 1595 recte

27 1639 30 1641 ·
109 1619 392 1664 Plutarchum
424 1626 650 1664 »enarrasse
694 1623 738 1663 et
783 1636 852 1664 ex·
872 1621 1029 1664 Memn.
1068 1636 1101 1664 c.
1128 1622 1184 1665 57
1224 1621 1364 1665 elucet
1408 1625 1452 1665 et
1489 1638 1539 1665 ea
1576 1639 1598 1666 e
1629 1640 1687 1682 re,

106 1691 226 1749 quod
271 1705 381 1749 quae
422 1691 648 1749 Appianus
690 1692 868 1735 tradidit
917 1708 1153 1749 numquam
1201 1693 1291 1736 ulla
1334 1694 1380 1737 in
1421 1709 1569 1752 pugna
1611 1711 1688 1752 per

34 1756 72 1770 ‘⁹
108 1763 249 1808 ullum
296 1763 534 1808 exercitum
581 1763 938 1820 imperatoremve
981 1764 1075 1807 fieri
1119 1769 1312 1821 possunt.
1385 1765 1687 1824 Intellegimus

103 1838 256 1880 ‘autem
294 1850 408 1879 novo
453 1836 649 1892 exemplo
660 1834 694 1894 ¹)
738 1851 868 1892 quam
911 1836 1077 1879 diverse
1120 1852 1292 1895 pugnae
1336 1853 1362 1880 a
1404 1838 1686 1895 scriptoribus

18 1900 33 1923 ⁷
106 1907 346 1964 descriptae
388 1907 477 1950 sint
519 1921 569 1951 ac
605 1923 735 1964 quam
780 1911 902 1951 caute
940 1908 1102 1951 talibus
1140 1923 1288 1952 eorum
1326 1909 1686 1966 descriptionibus

28 1999 30 2003 >
106 1987 188 2023 nos
223 1979 290 2022 uti
327 1982 536 2036 oporteat.
596 1979 690 2024 Nec
726 1979 906 2023 minoris
943 1980 1153 2023 momenti
1191 1983 1274 2037 est,
1306 1982 1421 2037 quod
1452 1983 1685 2026 secundum

16 2055 17 2058 ’
106 2049 218 2108 App.
243 2051 304 2095 85
334 2053 379 2094 et
401 2050 677 2095 Mithridates
710 2054 753 2094 et
778 2051 986 2109 Tigranes
1010 2066 1181 2110 pugnae
1213 2052 1514 2110 interfuerunt,
1539 2069 1684 2098 secun-

3 2159 12 2179 4
106 2119 211 2166 d‘um
233 2120 517 2166 Plutarchum
541 2137 644 2180 cap.
669 2125 732 2167 29
758 2123 1034 2167 Mithridates
1061 2124 1248 2181 fugienti
1279 2124 1453 2168 demum
1479 2127 1684 2170 exercitui

17 2206 22 2217 ⁶
107 2193 314 2238 Armenio
352 2194 548 2238 occurrit.
612 2194 771 2239 Iisdem
802 2195 1016 2252 capitibus
1047 2195 1196 2238 Livius
1227 2196 1294 2239 bis
1325 2196 1535 2254 laudatur,
1565 2214 1684 2255 prae-

105 2268 226 2310 terea
255 2265 389 2310 semel
419 2266 640 2310 adhibitus
671 2282 764 2311 esse
795 2267 966 2310 videtur
996 2266 1105 2326 (cap.
1132 2268 1208 2311 28:
1238 2266 1470 2324 Λέγεται
1507 2267 1557 2313 δὲ
1593 2279 1683 2314 τῶν

3 2363 9 2394 ss
108 2335 193 2395 ’μὲν
221 2340 364 2391 πεζῶν
399 2335 512 2395 ὑπὲρ
544 2338 651 2382 δέκα
687 2339 906 2396 μυριάδας
945 2340 1272 2397 διαφθαρῆναι,
1308 2347 1398 2383 τῶν
1436 2340 1478 2384 δ’
1515 2342 1682 2386 ἱππέων

26 2402 29 2403 ⁷
101 2408 289 2465 ὀλίγους
305 2409 557 2454 παντάπασι
575 2409 854 2468 διαφυγεῖν);
879 2410 1136 2454 Strabonem
1156 2410 1474 2469 agnoscimus²)
1497 2428 1596 2469 cap.
1617 2416 1679 2457 29

99 2475 242 2540 (ὥστε
279 2479 355 2525 καὶ
389 2483 496 2533 τοὺς
533 2483 801 2539 στρατιώτας
841 2484 1112 2539 ὠφελεῖσθαι
1135 2481 1228 2526 ,καὶ
1271 2484 1352 2526 τὸν
1389 2485 1680 2528 Λούκουλλον

107 2552 438 2609 θαυμάζεσθαι,
476 2553 544 2597 ὅτι
577 2554 779 2611 δραχμὴν
810 2557 917 2610 μίαν
949 2554 997 2598 ἐκ
1027 2560 1108 2598 τοῦ
1139 2555 1357 2610 δημοσίου
1389 2559 1587 2610 ταμιείου
1620 2558 1679 2613 μὴ

57 2683 59 2686 Ι
109 2625 261 2681 λαβὼν
285 2624 422 2669 αὐτὸν
449 2621 508 2678 ἐξ
537 2624 677 2669 αὐτοῦ
702 2626 852 2669 διώκει
876 2628 955 2670 τὸν
979 2623 1208 2684 πόλεμον),
1232 2626 1348 2682 quod
1373 2629 1521 2669 contra
1546 2626 1681 2672 Sallu-

100 2694 241 2740 stium
257 2710 450 2754 pugnare
470 2712 599 2753 supra
612 2697 1015 2755 demonstravimus3
1035 2697 1186 2740 deinde
1206 2712 1307 2753 cap.
1322 2700 1347 2740 3
1361 2700 1381 2740 1
1405 2698 1456 2740 de
1469 2697 1680 2743 Artaxata

229 2805 264 2849 1)
289 2801 344 2840 cf.
369 2813 468 2849 quae
493 2803 540 2839 de
564 2814 695 2850 pugna
719 2802 769 2839 ad
795 2801 1053 2857 Camalatrum
1084 2803 1145 2840 vel
1171 2802 1403 2839 Cantennam
1434 2803 1539 2841 facta
1565 2817 1679 2853 supra

105 2860 361 2900 disseruimus.

226 2924 264 2968 2)
289 2920 344 2960 Of.
371 2921 462 2959 Otto
487 2935 524 2969 p.
545 2926 627 2960 322.
