1916 3178
863 161 1036 220 *32
1099 185 1152 189 —

231 265 503 320 Philippique
549 264 594 305 in
636 263 887 319 Pompeium
932 264 1101 321 dicto¹),
1145 265 1294 307 deinde
1339 280 1371 306 c.
1410 266 1467 307 20
1511 265 1560 307 de
1597 265 1791 322 Pompeii
1831 277 1838 285 ·

234 336 414 391 epistola
445 335 625 376 Romam
657 334 709 375 ad
741 338 936 377 senatum
968 335 1143 391 scripta,
1168 336 1282 391 quod
1308 335 1505 391 congruit
1531 350 1627 378 cum
1657 335 1790 380 Sallu-

233 408 371 449 stiana
403 406 585 461 epistula
615 405 809 460 Pompeii
843 409 885 447 et
916 406 988 447 vit.
1021 406 1119 448 Luc.
1153 421 1185 448 c.
1213 408 1252 462 5,
1284 406 1464 461 denique
1497 406 1547 448 de
1577 406 1790 463 Perperna

232 493 256 518 a
282 477 484 532 Pompeio
511 476 636 532 victo,
662 476 775 531 quod
801 477 1013 519 consentit
1040 492 1136 519 cum
1160 477 1306 519 Front.
1332 476 1373 519 II
1398 478 1438 532 5,
1463 479 1531 520 32.
1565 502 1618 508 —
1638 476 1787 534 Itaque
1906 481 1916 537 ξ

233 548 361 589 etiam
393 550 532 589 cetera
564 562 670 602 quae
702 562 812 592 nova
843 548 966 589 affert
996 548 1076 590 hac
1102 548 1146 589 in
1176 548 1264 590 vita
1288 548 1556 604 Plutarchus,
1586 547 1789 591 Sallustio
1907 558 1916 591 !

233 618 503 659 attribuenda
541 632 631 659 esse
668 633 754 659 non
792 621 856 659 est
894 633 968 660 cur
1004 633 1227 675 negemus,
1264 619 1373 660 sicut
1411 634 1443 660 c.
1472 620 1526 661 18
1565 618 1616 660 de
1644 633 1790 676 pugna

232 689 284 730 ad
315 688 559 731 Valentiam
590 689 713 743 facta,
745 704 778 730 c.
808 691 861 731 19
894 689 944 730 de
969 689 1191 731 vulnerato
1216 689 1432 744 Pompeio,
1464 689 1563 731 ibid.
1596 689 1647 731 de
1677 689 1789 732 duci·
1866 689 1871 693 ”

232 760 311 801 bus
348 760 553 802 Romanis
591 759 759 802 obviam
798 760 940 815 factis,
977 775 1085 815 quae
1123 776 1190 802 res
1227 760 1488 815 amplissime
1524 774 1662 815 neque
1698 759 1789 802 sine

230 830 424 886 Pompeii
445 830 753 872 obtrectatione
775 830 984 886 descripta
1010 831 1182 888 optime,
1207 831 1242 873 si
1263 831 1376 887 quid,
1402 831 1455 872 ad
1479 829 1672 873 Sallustii
1695 840 1788 872 nar—

232 901 353 943 randi
385 916 520 958 genus
552 902 742 957 quadrat.

349 1010 374 1061 §
407 1010 444 1051 3.
518 1007 739 1063 Appiani
777 1007 877 1049 libri
914 1007 1041 1063 primi
1074 1009 1203 1050 finem
1242 1023 1264 1050 e
1302 1007 1504 1051 Sallustio
1542 1010 1788 1064 excerptum

232 1094 323 1122 esse
355 1079 440 1120 iam
471 1081 595 1120 antea
626 1078 824 1120 contendi
856 1082 899 1120 et
931 1079 981 1120 de
1013 1079 1151 1135 capite
1186 1081 1266 1122 107
1307 1080 1595 1122 demonstrare
1626 1078 1788 1134 studui3

229 1165 342 1192 nunc
379 1150 492 1191 idem
529 1152 578 1191 ut
615 1148 837 1205 faciamus,
873 1149 1089 1205 poscimur
1125 1151 1176 1192 de
1213 1165 1301 1207 cap.
1343 1151 1599 1205 108-115‚
1631 1149 1788 1206 quibus

230 1221 389 1263 bellum
421 1220 713 1263 Sertorianum
744 1223 986 1263 enarratum
1018 1224 1093 1264 est.
1124 1247 1173 1252 —-
1202 1209 1331 1264 Initio
1363 1224 1506 1264 autem
1538 1235 1666 1276 quam
1697 1221 1788 1263 bre-

228 1293 399 1335 vissime
429 1292 651 1348 Appianus
683 1295 903 1333 enumerat
934 1307 1001 1334 res
1032 1292 1154 1334 annis
1187 1294 1359 1336 82-77
1393 1295 1549 1349 gestas,
1579 1291 1729 1334 deinde
1762 1306 1788 1333 a

228 1363 421 1419 Pompeii
453 1363 498 1405 in
528 1363 780 1418 Hispaniam
810 1363 1086 1419 profectione,
1124 1363 1149 1405 i.
1183 1379 1230 1420 e.,
1266 1363 1302 1406 si
1333 1378 1500 1406 mecum
1531 1362 1654 1418 facis,
1689 1362 1787 1404 inde

229 1435 282 1476 ab
309 1433 500 1476 Sallustii
525 1433 636 1475 libro
662 1433 845 1475 secundo
871 1449 938 1475 res
963 1433 1107 1489 paullo
1133 1433 1315 1489 amplius
1340 1435 1506 1476 tractat.
1550 1432 1634 1476 Sed
1658 1431 1788 1475 etiam

228 1504 420 1547 breviore
458 1504 503 1546 in
540 1504 614 1545 illa
650 1507 771 1559 parte
809 1503 1037 1547 Sallustius
1074 1504 1362 1561 c'ognoscitur5
1407 1503 1579 1546 initium
1615 1502 1787 1560 quidem

228 1590 250 1617 e
283 1590 358 1617 sua
390 1575 523 1631 ipsius
554 1575 796 1617 narratione
828 1575 888 1633 (b.
915 1590 947 1617 c.
973 1574 994 1617 I
1014 1573 1091 1632 86)
1128 1576 1296 1631 repetit,
1327 1575 1401 1618 sed
1432 1574 1545 1631 quod
1575 1573 1786 1630 sequitur:

226 1646 300 1689 καὶ
325 1648 512 1704 στρατὸν
538 1649 650 1703 ἔχων
676 1648 723 1689 ἔκ
757 1662 802 1689 τε
823 1643 1006 1697 Ἰταλίας
1036 1646 1168 1701 αὐτῆς
1198 1649 1276 1689 καί
1301 1662 1401 1689 τινα
1431 1647 1567 1689 ἄλλον
1599 1644 1646 1688 ἐκ
1671 1647 1784 1690 Κελ-

225 1719 418 1774 τιβήρων
449 1716 625 1772 ἀγείρας
656 1720 902 1772 excerptum
934 1719 999 1758 est
1032 1732 1054 1758 e
1086 1716 1277 1759 Sallustii
1310 1715 1520 1758 exercitus
1551 1714 1786 1758 Sertoriani

228 1788 522 1844 descriptione,
541 1787 661 1830 cuius
680 1787 881 1843 reliquias
900 1787 1135 1843 reperimus
1161 1787 1291 1829 etiam
1311 1787 1424 1843 apud
1448 1787 1561 1829 Plut.
1588 1785 1694 1829 Sert.
1718 1787 1783 1829 12.

227 1859 390 1901 Deinde
438 1858 636 1909 ἐπίδοξος
678 1856 735 1913 ἦν
778 1860 1059 1916 στρατεύσειν
1099 1857 1170 1901 ἐπὶ
1213 1859 1294 1914 τὴν
1330 1857 1517 1901 Ἰταλίαν
1556 1856 1784 1913 respondet

227 1929 357 1972 simili
389 1929 501 1984 apud
532 1929 782 1971 Sallustium
819 1929 1067 1985 sententiae,
1105 1930 1155 1971 cf.
1188 1944 1250 1984 ep.
1282 1929 1430 1984 Pomp.
1463 1930 1489 1982 ξ
1513 1929 1558 1971 4:
1591 1927 1784 1970 ‘Hostes-

227 2016 308 2056 que
340 2001 385 2042 in
410 2000 644 2042 cervicibus
669 1999 754 2042 iam
779 1999 926 2042 Italiae
953 2003 1128 2057 agentes
1159 2001 1213 2042 ab
1244 1999 1427 2055 Alpibus
1457 1999 1502 2041 in
1532 1998 1784 2054 Hispaniam

227 2070 450 2113 submovi.'
499 2071 563 2113 De
595 2071 788 2126 Pompeii
819 2071 907 2113 vita
938 2071 1212 2126 moribusque
1238 2086 1334 2113 cum
1360 2070 1432 2112 ille
1463 2070 1508 2112 in
1532 2069 1784 2126 Hispaniam

227 2143 469 2184 mitteretur
506 2141 734 2184 Sallustius
778 2142 914 2184 fusius
958 2140 1252 2198 disputavit32)
1288 2141 1400 2197 apud
1434 2140 1680 2197 Appianum
1722 2155 1784 2183 re-

227 2216 475 2256 manserunt
513 2212 724 2254 breviora:
767 2212 871 2255 νέον
911 2210 992 2269 μὲν
1031 2214 1093 2255 ἔτι
1134 2214 1262 2267 ὄντα,
1297 2218 1516 2269 περιφανῆ
1555 2207 1596 2273 δέ
1637 2210 1681 2263 ἐξ
1721 2207 1784 2254 ὧν

227 2283 298 2327 ἐπὶ
329 2285 482 2327 Σύλλα
519 2286 623 2339 περί
659 2299 704 2326 τε
743 2284 919 2339 Λιβύην
955 2282 1027 2326 καὶ
1066 2283 1115 2326 ἐν
1151 2283 1260 2340 αὐτῇ
1293 2281 1454 2341 Ἰταλίᾳ
1489 2284 1782 2339 κατείργαστο.

226 2355 290 2397 De
340 2355 491 2397 itinere
534 2353 692 2409 Alpino
736 2354 929 2409 Pompeii
973 2369 1005 2396 c.
1047 2356 1148 2396 109:
1196 2354 1249 2396 οὐ
1297 2354 1404 2397 κατὰ
1453 2355 1534 2410 τὴν
1577 2351 1783 2408 Ἀννίβου

226 2427 572 2482 μεγαλουργίαν,
610 2423 762 2481 ἑτέραν
794 2423 833 2466 δ’
876 2424 1116 2480 ἐχάρασσεν
1157 2423 1268 2480 ἀμφὶ
1306 2433 1400 2475 ταῖς
1435 2431 1591 2480 πηγαῖς
1620 2439 1659 2465 κ.
1682 2438 1718 2466 τ.
1745 2425 1782 2465 λ.

226 2497 277 2539 cf.
305 2512 401 2539 cum
427 2511 489 2552 ep,
508 2495 655 2550 Pomp.
683 2497 708 2547 ξ
727 2496 772 2537 4:
805 2495 902 2537 ‘Per
927 2510 997 2537 eas
1023 2495 1104 2537 iter
1129 2495 1245 2537 aliud
1271 2499 1398 2551 atque
1417 2493 1633 2537 Hannibal
1656 2493 1782 2536 nobis

348 2662 380 2704 1)
407 2659 460 2695 Cf.
487 2658 608 2694 Schol.
636 2657 744 2694 Gron.
771 2670 806 2703 p.
827 2661 895 2694 442
922 2657 1074 2704 (Orell.).

346 2720 382 2763 2)
410 2718 463 2754 Cf.
495 2718 539 2754 fr.
565 2718 599 2752 II
628 2722 682 2754 11.
709 2721 763 2752 12.
791 2721 846 2753 71.
873 2721 917 2752 86
955 2719 993 2752 et
1029 2729 1125 2762 quac
1162 2718 1278 2753 habet
1315 2718 1446 2754 eodem
1482 2727 1650 2752 connexu
1679 2715 1777 2754 Plut.

230 2777 325 2812 Sert.
350 2782 408 2813 18:
445 2778 488 2812 οὐ
519 2776 590 2823 γάρ
621 2790 657 2812 τι
688 2776 819 2822 μικρὸν
850 2772 898 2821 ἧν
928 2776 970 2811 τὸ
995 2778 1193 2822 Πομπηίου
1225 2775 1329 2817 κλέος
1359 2774 1439 2811 ἀλλ’
1465 2775 1579 2819 ἤνθει
1603 2775 1684 2812 τότε
1709 2775 1779 2822 μοὶ-

227 2839 330 2871 λιστα
371 2837 463 2882 πρὸς
501 2836 617 2879 δόξαν
655 2833 696 2871 ἐκ
729 2842 803 2871 τῶν
837 2835 922 2880 περὶ
947 2835 1094 2870 Σύλλαν
1128 2834 1492 2882 ἀνδραγαθημάτων,
1527 2832 1589 2879 ἐφ’
1626 2834 1680 2876 οἷς
1713 2834 1778 2870 καὶ

226 2895 383 2941 Μάγνος
401 2894 465 2931 ὑπ’
490 2897 603 2930 αὐτοῦ
625 2892 873 2941 ἐπωνομάσθη
900 2900 1013 2940 τιμῶν
1032 2907 1070 2930 τε
1090 2896 1325 2942 θριαμβικῶν
1345 2894 1447 2930 οὔπω
1465 2899 1617 2939 γενειῶν
1637 2892 1774 2939 ἔτυχεν.
