1976 3190
503 141 731 209 Fragmenta
756 164 908 198 77-83,
936 183 984 189 —-
1009 162 1210 199 Enarratio
1237 167 1388 200 84—89.
1675 163 1730 205 37

62 256 231 331 κεῖ*
269 269 359 316 81.
406 271 788 315 Profectionem
818 270 1142 314 festinantes.

86 354 203 394 ΪἊ”””-”
279 348 387 412 ¹App.
438 364 471 412 (Ι
493 368 559 401 109
571 365 616 411 D,
643 367 711 401 11¹7
725 364 770 411 K,
797 367 866 400 125
880 363 939 410 G.)
967 386 1011 391 —
1036 363 1144 401 Arus.
1170 378 1205 411 p.
1227 369 1307 402 474.

47 420 99 465 χ’
167 430 194 459 ,ζ
278 441 447 482 Comm,
490 442 734 494 Fragmenta
754 443 810 482 80
829 443 870 481 et
890 444 942 481 81
967 442 1019 481 ad
1037 442 1180 493 Lepidi
1205 443 1345 494 fugam
1372 445 1606 495 clademque
1632 446 1732 484 refe-

59 508 67 530 's
156 500 282 542 :enda
318 514 403 542 esse
442 503 492 541 ut
534 501 764 554 conicerem‚
802 504 1026 541 commotus
1065 515 1154 541 sum
1191 503 1457 553 Exuperantii
1495 504 1573 543 loci
1610 518 1733 556 supra

159 560 318 603 laudati
348 561 622 614 congruentia.

277 651 388 698 82⁸².
419 652 565 703 Serv.
591 653 660 696 ad.
686 651 804 696 Aen.
830 653 871 696 X
899 654 1002 697 168:
1035 651 1193 708 ‘Cosas,
1222 653 1372 697 civitas
1398 654 1590 710 Tusciae,
1624 670 1732 711 quae

55 717 74 780 s?
155 738 338 768 numero
370 724 528 780 dicitur
559 724 767 783 singulari
799 724 1034 768 secundum
1065 723 1345 768 Sallustium?

275 818 384 867 App.
435 819 466 866 (Ι
491 822 534 855 51
549 819 594 866 D,
621 822 667 855 54
679 819 724 865 Κ,
751 822 795 855 56
810 818 854 866 G,
879 819 897 855 1
920 831 956 866 p.
976 822 1047 855 423
1058 819 1134 864 Br.)

276 902 388 949 83⁸.
435 904 716 948 Perrexere
748 904 800 947 in
829 903 1227 967 Hispaniaman
1258 905 1558 950 Sardiniam.

192 1007 194 1009 ·
275 997 384 1044 App.
436 998 486 1044 (Π
505 1002 550 1034 10
562 998 608 1044 D,
635 1002 680 1034 15
693 998 738 1063 K)
764 998 799 1034 Π
819 1001 864 1034 16
878 997 921 1044 G,
946 999 965 1034 I
987 1010 1023 1045 p.
1044 1002 1115 1035 498
1128 998 1206 1045 Br.)

189 1074 193 1078 ’
275 1073 443 1115 Gomm.
505 1075 649 1115 Nescio
676 1088 759 1127 qua
789 1076 979 1115 commoti
1004 1089 1127 1116 causa
1158 1076 1330 1116 editores
1362 1078 1534 1117 secundo
1563 1078 1606 1116 in
1630 1078 1732 1118 libro

7 1164 9 1166 ψ
45 1149 73 1186 ‘¹4
95 1143 113 1149 ⁷·
154 1134 366 1186 pnsum-int
399 1135 500 1175 haec
534 1136 674 1186 verba;
720 1148 813 1175 cum
849 1149 943 1175 vero
986 1136 1029 1175 in
1067 1136 1294 1176 Sardiniam
1330 1137 1481 1189 fugisse
1519 1140 1734 1177 narrentur

2 1219 4 1222 >
153 1193 331 1247 quidam,
357 1194 510 1235 seilicet
527 1195 724 1246 Lepidani
748 1195 858 1247 victi,
882 1197 998 1246 patet
1021 1197 1096 1236 hoc
1122 1196 1312 1236 accidisse
1330 1196 1443 1236 brevi
1466 1199 1560 1248 post
1578 1191 1734 1238 cladem

152 1253 207 1306 gud
236 1253 382 1295 Cosam
409 1255 562 1306 Lepido
593 1255 770 1307 illatam,
807 1269 888 1295 non
926 1257 1019 1306 post
1055 1258 1227 1296 mortem
1263 1256 1366 1309 eius,
1406 1257 1554 1308 quippe
1587 1258 1659 1308 qui
1690 1258 1732 1296 in

31 1294 44 1354 7ζγ
79 1361 83 1376 3
153 1306 244 1367 ipsa
273 1313 341 1355 vel
371 1313 558 1354 Sardinia
587 1316 772 1355 mortuus
804 1316 918 1355 esset.

780 1636 990 1685 CAPUT
1027 1637 1110 1687 IV.

209 1737 282 1786 De
313 1738 523 1786 Sertorii
554 1741 656 1786 vita
685 1743 925 1797 rebusque
957 1743 1016 1786 ab
1049 1754 1103 1786 eo
1136 1743 1318 1799 gestis,
1338 1743 1402 1788 fr.
1431 1743 1668 1788 84-103.

586 1853 698 1894 Inest
727 1854 776 1894 de
807 1854 926 1895 rebus
955 1854 1121 1895 urbanis
1153 1855 1201 1895 fr.
1229 1857 1297 1896 86.

812 1989 1065 2027 Euan-atio.

268 2063 509 2123 Profligata
549 2064 704 2121 Lepidi
753 2065 965 2109 seditione
1014 2067 1343 2124 relinquebatur
1386 2067 1554 2111 senatui
1599 2068 1730 2111 etiam

150 2135 257 2178 belli
282 2134 518 2187 Sertoriani
549 2151 651 2180 cura
681 2137 758 2195 (fr.
786 2139 855 2194 84,
875 2137 964 2197 85).
1026 2139 1110 2182 Sed
1141 2142 1372 2196 antequam
1403 2155 1472 2183 res
1502 2140 1586 2183 hoc
1602 2140 1728 2183 bello
1749 2141 1818 2195 84,
1839 2141 1896 2183 85

150 2221 176 2249 a
193 2206 372 2251 Metello
397 2209 546 2266 gestae
565 2212 878 2267 enarrarentur,
903 2211 1078 2254 comitia
1097 2214 1198 2268 post
1216 2211 1371 2268 Lepidi
1396 2212 1546 2270 fugam
1564 2212 1728 2255 Romae

149 2277 303 2322 habita
333 2278 410 2338 (fr.
437 2278 515 2337 86)
552 2280 835 2336 consulesque
873 2281 974 2324 anni
1007 2283 1031 2325 7
1037 2283 1060 2325 7
1099 2284 1195 2325 tum
1227 2282 1400 2326 demum
1430 2283 1568 2326 factos
1599 2283 1727 2327 Mam.
1749 2285 1805 2327 86

124 2347 391 2403 ,Aemilium
431 2351 645 2407 Lepidum
686 2351 915 2396 Livianum
957 2353 1009 2396 D.
1053 2352 1225 2397 Iunium
1267 2354 1454 2398 Brutum
1500 2355 1729 2398 memorari

154 2435 269 2479 opus
291 2423 398 2481 erat,
428 2422 530 2467 dein
559 2423 611 2465 de
641 2423 866 2481 abrogatis
890 2424 1044 2481 Lepidi
1069 2425 1243 2483 legibus
1268 2426 1479 2483 veniaque
1505 2426 1729 2469 seditionis

153 2507 181 2536 a
199 2495 372 2536 senatu
405 2492 626 2550 plerisque
656 2494 888 2551 Lepidanis
926 2496 1096 2539 decreta
1132 2497 1380 2553 expositum
1418 2513 1510 2541 esse
1548 2498 1727 2541 videtur.

151 2562 246 2607 Iam
274 2564 414 2621 ipsius
445 2564 626 2609 Sertorii
655 2565 763 2622 vita,
799 2569 1030 2624 antequam
1062 2568 1116 2611 ad
1146 2569 1311 2612 bellum
1342 2570 1397 2612 ab
1437 2570 1586 2613 eodem
1618 2585 1728 2613 com-

153 2637 321 2679 motum
351 2635 582 2680 Sallustius
610 2637 843 2695 accederet,
875 2639 990 2683 dicta
1021 2643 1098 2684 est.

270 2705 338 2751 Ac
374 2706 423 2759 Q.
460 2707 676 2752 Sertorius
714 2725 737 2752 e
773 2713 903 2768 gente
940 2710 1101 2755 Sabina
1138 2712 1280 2768 prima
1317 2712 1608 2755 adulescentia
1645 2712 1729 2755 elo-

154 2778 334 2835 quentia
375 2778 491 2823 h‘aud
533 2780 776 2824 immeritus
815 2780 966 2840 (Plut.
998 2781 1124 2826 Sert.
1162 2798 1195 2826 c.
1222 2782 1271 2840 2)
1311 2799 1414 2826 mox
1453 2784 1507 2826 ad
1547 2783 1727 2827 militiae

151 2849 345 2894 studium
375 2866 469 2895 sese
500 2851 713 2894 convertit
743 2850 819 2910 (fr.
846 2851 923 2912 87)
955 2857 998 2896 et
1032 2854 1147 2897 bello
1180 2854 1414 2911 Cimbrico,
1445 2855 1545 2898 dein
1575 2855 1621 2898 in
1651 2855 1726 2898 Hi·
1747 2857 1802 2899 87

71 2921 75 2923 ’
151 2921 324 2980 spania,
359 2926 461 2979 post
494 2923 610 2966 bello
641 2923 825 2967 Marsico
862 2940 966 2981 prae
999 2926 1153 2969 ceteris
1185 2926 1388 2969 excelluit
1419 2926 1570 2985 (Plut.
1601 2927 1726 2971 Sert.
