1916 3178
888 141 1176 183 -34-

257 249 399 301 parat,
449 245 561 300 quod
611 244 841 287 secundum
885 245 1135 288 Sallustium
1185 260 1282 287 eum
1330 244 1479 286 fecisse
1523 244 1812 302 intellegimus

256 316 412 357 'collato
450 315 562 357 Plut.
602 314 707 357 Sert.
743 318 778 358 1.
818 341 872 346 —-
910 316 1055 358 Etiam
1093 316 1143 358 de
1180 318 1395 371 postrema
1431 314 1608 357 Sertorii
1644 315 1734 358 vita
1769 317 1813 358 et
1891 312 1894 313 ⁷

258 386 308 427 de
346 386 636 428 coniuratione
674 386 912 442 Perpernae
947 402 1034 429 non
1071 387 1264 429 recedere
1303 401 1327 427 a
1358 385 1560 428 Sallustio
1590 384 1812 442 Appianas

257 471 290 498 c.
320 458 402 499 113
440 456 545 498 mihi
576 457 753 499 videtur.
815 457 964 513 Neque
997 458 1109 500 enim
1140 457 1360 513 Appianus
1391 457 1732 513 Plutarchusque
1761 457 1812 499 de

257 527 482 581 postremis
520 526 697 569 Sertorii
740 529 867 570 rebus
905 529 986 570 sibi
1034 528 1345 583 contradicunt,
1389 527 1548 587 optime
1583 542 1684 570 vero
1720 542 1812 571 sese

257 597 471 652 complent
509 598 796 655 coniungique
833 602 1023 654 possunt.
1072 591 1157 641 ‘Ita
1195 599 1307 640 enim
1338 613 1531 641 narrasse
1562 597 1812 641 Sallustium

256 670 378 722 puto:
415 668 601 723 primum
638 669 797 710 invidia
833 669 1123 711 Romanorum
1160 672 1331 711 auctore
1368 669 1582 724 Perperna
1619 671 1722 712 orta*
1748 671 1814 712 est

257 738 388 796 (Plut.
428 738 534 781 Sert.
567 738 662 796 25),
706 742 798 781 tum
843 755 989 782 eorum
1029 740 1249 782 fraudibus
1293 739 1552 790 ἀποστάσεις
1586 739 1814 796 ἐγίγνοντο

176 808 186 811 ’
256 809 327 852 καὶ
365 809 548 866 ταραχαὶ
587 810 686 866 περὶ
724 807 811 861 τοὶςΧ
831 813 994 866 πόλεις,
1042 811 1191 852 deinde
1223 810 1436 853 Sertorius
1472 825 1628 868 magna
1664 811 1813 854 severi-

260 883 348 921 tate
382 880 425 921 in
456 880 670 935 Hispanos
702 881 1001 922 animadvertit
1033 882 1284 936 obsidesque
1317 880 1447 923 Oscae
1484 881 1655 923 habitos
1686 881 1813 924 inter-

258 951 359 992 fecit
390 950 521 1008 (Plut.
553 950 662 1006 App.
694 951 719 992 1.
752 949 816 1007 1.);
854 952 982 1013 simul
1015 952 1196 994 mutatio
1232 967 1387 1008 magna
1421 966 1588 993 morum
1617 951 1814 1008 vitaeque

258 1021 435 1063 Sertorii
478 1022 589 1063 facta
640 1025 703 1063 est
747 1021 908 1079 (App),
941 1037 1067 1077 quam
1110 1023 1281 1078 quidem
1325 1025 1497 1065 excusat
1540 1021 1767 1064 Sallustius
1779 1021 1813 1079 ¹)

256 1091 327 1149 (cf.
359 1091 485 1147 App.:
522 1093 792 1147 βλάπτοντος
822 1094 906 1148 ἤδη
943 1098 1076 1148 θεοῦ,
1108 1094 1200 1135 0011.
1226 1093 1338 1135 Plut.
1365 1093 1471 1135 Sert.
1501 1091 1596 1149 10),
1634 1093 1814 1149 denique

255 1162 323 1204 his
361 1163 410 1204 de
443 1163 580 1204 causis
612 1163 847 1204 coniuratio
879 1164 990 1205 facta
1023 1166 1086 1205 est
1117 1163 1354 1219 Perpernae
1385 1164 1660 1219 aliorumque.
1717 1164 1815 1206 Plu-

256 1232 428 1274 tarchus
467 1235 608 1273 autem
646 1247 694 1273 ea
738 1247 844 1287 quae
883 1233 1111 1288 opprobrio
1152 1232 1339 1275 Sertorio
1384 1237 1503 1275 erant
1547 1234 1691 1276 omisit
1732 1235 1814 1277 hoc

255 1303 367 1358 loco,
405 1306 593 1344 attamen
635 1303 738 1344 talia
775 1303 819 1345 in
854 1303 1056 1345 Sallustio
1100 1319 1144 1346 se
1187 1304 1342 1361 legisse
1382 1307 1566 1346 testatur
1607 1305 1698 1360 ipse
1740 1307 1813 1348 10:

255 1377 397 1416 καίτοι
436 1375 560 1417 δοκεῖ
592 1372 691 1430 περὶ
730 1376 911 1430 ἔσχατον
949 1375 1085 1417 αὐτοῦ
1124 1377 1224 1430 βίον
1256 1376 1476 1430 ὠμότητος
1512 1374 1585 1419 καὶ
1615 1379 1812 1433 βαρυθυ-

257 1446 357 1499 μίας
381 1445 430 1487 τὸ
456 1443 554 1499 περὶ
580 1447 682 1494 τοὺς
707 1445 900 1500 ὁμήρους
931 1443 1132 1502 πραχθὲν
1162 1447 1294 1502 ἔργον
1325 1445 1534 1497 ἐπιδεῖξαι
1565 1446 1645 1501 τὴν
1675 1447 1813 1503 φύσιν

258 1515 340 1557 οὐκ
373 1512 512 1558 οὖσαν
543 1515 708 1571 ἥμερον
739 1519 828 1558 κτλ.

375 1586 569 1628 Priorem
624 1586 862 1642 Perpernae
919 1587 1255 1629 coniurationem
1310 1602 1409 1629 casu
1465 1588 1674 1631 detectam
1722 1603 1813 1631 esse

257 1657 478 1712 Appianus
503 1673 535 1699 0.
565 1659 648 1700 113
675 1672 806 1712 aeque
832 1655 959 1713 atque
985 1658 1083 1700 Sall.
1110 1659 1159 1700 fr.
1185 1658 1247 1700 ΠΙ
1272 1661 1299 1701 2
1325 1662 1368 1700 et
1393 1661 1419 1702 3
1445 1662 1600 1701 narrat.
1649 1659 1813 1702 Deinde

259 1729 308 1770 de
340 1729 553 1783 Perperna
579 1731 687 1783 ‘post
725 1728 886 1770 cladem
925 1732 1048 1784 capto
1086 1730 1137 1771 cf.
1168 1729 1277 1784 App.
1315 1745 1348 1771 c.
1383 1730 1484 1772 115:
1525 1730 1548 1773 ὁ
1586 1727 1667 1786 μὲν
1697 1733 1813 1787 Περ-

257 1799 418 1850 πέννας
453 1800 539 1842 ὑπὸ
576 1800 734 1858 θάμνῳ
772 1802 882 1850 πόας
919 1800 1139 1857 ἐκρύφθη,
1178 1827 1232 1831 -
1267 1827 1321 1831 ——
1362 1803 1572 1856 λαβόντες
1602 1798 1652 1843 δ’·
1679 1799 1814 1844 αὐτὸν

260 1872 401 1920 ἱππεῖς
445 1867 559 1920 τινὲς
599 1864 746 1912 εἷλκον
788 1870 831 1920 ἐς
867 1872 946 1913 τὸν
984 1873 1220 1926 Πομπήιον
1264 1874 1306 1913 et
1343 1870 1482 1913 Amm.
1514 1872 1641 1914 Marc.
1671 1871 1814 1915 XXVI

259 1942 298 1996 9,
324 1942 368 1982 9:
401 1940 483 1982 ‘Ad
508 1940 663 1999 veteris
688 1941 925 1995 Perpernae
951 1941 1203 1997 exemplum,
1227 1942 1300 1997 qui
1325 1946 1422 1997 post
1448 1942 1684 1984 Sertorium
1701 1942 1814 1984 inter

259 2011 404 2065 epulas
446 2011 746 2053 obtruncatum
779 2012 1066 2054 dominatione
1097 2013 1328 2068 paullisper
1357 2013 1521 2068 potitus
1551 2028 1577 2054 a
1606 2013 1814 2068 frutectis,

260 2081 333 2122 ubi
360 2081 533 2135 latebat,
565 2084 780 2123 extractus
806 2083 1059 2138 oblatusque
1084 2083 1288 2138 Pompeio
1320 2083 1410 2125 eius
1441 2084 1558 2126 iussu
1590 2086 1655 2126 est
1685 2084 1812 2126 inter-

258 2152 416 2194 fectus'
461 2167 557 2194 cum
600 2152 698 2194 Sall.
736 2154 785 2194 fr.
830 2152 891 2194 III
923 2154 968 2195 5:
1018 2154 1098 2195 ‘Et
1140 2154 1397 2209 Perpernam
1440 2155 1551 2196 forte
1594 2155 1814 2212 cognoscit

258 2223 391 2264 mulio
412 2223 692 2277 redemptoris
701 2223 726 2277 ⁷,
751 2226 930 2278 uterque
950 2223 1084 2279 igitur
1103 2224 1155 2265 ad
1181 2223 1570 2266 Sallustiumredit.
1618 2224 1812 2280 Denique

259 2293 310 2334 de
358 2293 597 2348 Perpernae
648 2296 784 2335 morte
834 2297 1028 2336 accurate
1078 2294 1322 2350 conspirant
1364 2294 1476 2336 Plut.
1520 2294 1626 2337 Sere.
1669 2297 1724 2338 27
1769 2298 1813 2337 et

258 2364 406 2418 Pomp.
432 2365 489 2406 20
521 2379 616 2405 011111
647 2364 755 2419 App.
788 2379 820 2406 c.
850 2366 944 2407 115.

377 2434 526 2490 Itaque
564 2434 813 2476 Sallustium
856 2436 1018 2477 fontem
1062 2436 1141 2478 hac
1177 2451 1345 2492 quoque
1385 2436 1430 2478 in
1467 2439 1588 2491 parte
1628 2438 1813 2479 statuen-

381 2576 415 2619 1)
441 2573 593 2609 Minime
618 2585 705 2609 vero
736 2575 944 2619 putandum
975 2576 1033 2610 est
1059 2575 1279 2610 Sallustium
1303 2586 1348 2610 ea
1373 2586 1469 2619 quae
1494 2575 1623 2621 iniqua
1648 2577 1812 2613 Sertorio

259 2635 386 2669 essent
422 2633 591 2668 consulto
630 2634 850 2669 omissurum
888 2633 1014 2670 fuisse.
1070 2634 1240 2679 Namque
1276 2636 1473 2680 postquam
1506 2634 1692 2675 Sertorius
1727 2647 1811 2672 cum

261 2692 500 2729 acerbissimo
525 2692 672 2737 patriae
696 2693 805 2728 hoste
829 2693 1050 2728 Mithridate
1076 2705 1172 2728 anno
1200 2697 1242 2729 75
1268 2693 1399 2728 foedus
1423 2693 1529 2738 fecit,
1554 2693 1722 2740 plerique
1746 2706 1812 2741 po-

260 2751 447 2796 pularium
472 2763 557 2787 eum
582 2751 789 2786 deseruisse
814 2751 988 2787 videntur
1014 2752 1073 2797 (cf.
1094 2752 1190 2798 App.
1211 2764 1242 2789 c.
1264 2755 1362 2797 112);
1387 2754 1425 2788 et
1451 2753 1587 2788 abhinc
1611 2753 1811 2790 Sallustius

260 2822 334 2846 non
354 2810 430 2845 iam
450 2810 555 2855 adeo,
581 2812 624 2844 ut
645 2812 767 2855 antea,
793 2810 896 2846 favet
913 2810 982 2856 issi,
1009 2811 1073 2855 qui
1092 2822 1166 2845 non
1184 2811 1356 2856 princeps
1376 2811 1539 2856 partium
1559 2822 1718 2857 suarum,
1745 2813 1810 2848 sed

261 2869 392 2914 populi
418 2869 577 2905 Romani
602 2870 771 2914 proditor
795 2869 987 2914 hostisque
1013 2869 1199 2905 extiterat.
