1916 3178
238 168 291 203 VI
877 166 1164 203 PRAEFATIO.

245 275 551 319 commentario
589 275 712 331 quasi
747 278 954 331 perpetuo
992 277 1188 318 accurate
1225 274 1391 317 definiri
1416 270 1541 317 'volui
1570 275 1689 318 locos
1719 290 1805 334 eos,

240 347 316 390 ubi
341 348 583 404 fragmenta
609 361 717 402 quae
742 349 926 389 aetatem
950 347 1142 389 tulerunt
1161 346 1387 389 inserenda
1410 360 1502 388 esse
1520 346 1728 391 videntur.
1747 371 1806 379 —

364 417 543 460 Omnem
579 432 681 461 vero
717 418 828 460 hanc
864 418 1084 461 materiem
1121 418 1308 474 primum
1345 432 1421 473 per
1451 417 1586 460 libros
1619 417 1806 475 quinque

239 490 358 546 illos,
399 489 549 531 deinde
586 504 662 545 per
699 489 838 545 capita
877 505 901 531 a
937 505 1005 532 me
1035 489 1150 531 facta
1182 489 1392 531 distribui.
1455 488 1532 531 Sin
1563 489 1807 544 quaerimus

242 575 428 616 quonam
469 560 618 602 ordine
656 559 886 602 Sallustius
924 559 969 601 in
1009 559 1191 617 singulis
1230 559 1355 601 libris
1391 558 1648 616 narraverit,
1683 559 1807 604 Kritz

245 631 416 687 quidem
447 631 572 673 illum
603 646 671 673 res
701 645 790 673 non
821 631 1053 673 secundum
1082 631 1277 687 singulos
1303 645 1438 672 annos
1464 629 1646 686 carptim
1670 630 1807 687 dispo-

243 702 383 744 suisse
413 704 551 759 putat,
583 702 657 744 sed
686 717 765 758 pro
798 701 1002 757 cuiusque
1033 702 1138 744 belli
1169 701 1335 744 ratione
1367 701 1650 757 complurium
1681 717 1811 745 anno-

246 789 343 816 rum
384 787 452 815 res
496 775 640 830 gestas
685 773 738 814 ad
773 788 907 815 unum
942 772 1162 815 rettulisse
1200 775 1345 830 caput3
1389 772 1547 815 etenim
1585 773 1810 831 indignum

246 845 380 887 fuisse
406 843 615 887 Sallustio
646 844 832 886 ieiunam
865 844 986 899 sequi
1016 859 1158 886 rerum
1190 844 1554 887 enumerationem
1580 844 1628 887 in
1651 844 1812 888 annali-

244 917 326 959 bus
369 916 585 959 usitatam.
639 915 798 958 Contra
840 915 955 957 hunc
991 915 1155 957 Hauler
1197 915 1288 958 iure
1326 931 1348 958 e
1385 930 1528 958 rerum
1567 916 1808 974 fragmento

244 987 545 1030 Aurelianensi
575 989 846 1029 narratarum
878 986 1160 1042 dispositione
1193 986 1402 1029 conclusit
1433 987 1480 1029 in
1511 988 1812 1044 comprenden-

248 1059 312 1101 dis
343 1059 472 1101 rebus
504 1059 667 1100 iustum
697 1058 872 1100 modum
903 1058 1117 1100 Kritzium
1147 1061 1465 1115 transgressum
1496 1073 1599 1102 esse.
1659 1058 1811 1115 Neque

245 1130 358 1172 enim
391 1130 527 1172 solam
558 1130 766 1185 temporis
796 1129 1006 1172 rationem
1039 1131 1233 1172 secutum
1265 1144 1356 1171 esse
1382 1129 1635 1173 Sallustium
1665 1130 1735 1173 vel
1762 1145 1812 1174 ea

244 1217 290 1244 re
329 1201 540 1258 sequitur,
579 1201 693 1257 quod
732 1201 920 1243 eiusdem
958 1201 1058 1242 anni
1094 1215 1162 1243 res
1202 1200 1380 1243 diversis
1418 1201 1543 1243 libris
1575 1201 1811 1258 discerptae

245 1276 346 1315 sunt
383 1287 523 1328 neque
559 1272 606 1314 in
643 1272 791 1315 eodem
826 1272 939 1314 libro
972 1286 1118 1314 omnes
1150 1272 1339 1314 eiusdem
1370 1272 1474 1314 belli
1505 1286 1573 1315 res
1602 1272 1649 1315 in
1678 1288 1812 1315 unum

246 1344 480 1387 collocasse
506 1344 748 1401 fragmento
768 1343 1068 1386 Aurelianensi
1095 1343 1308 1386 discimus.
1352 1342 1504 1399 Itaque
1529 1343 1610 1386 hac
1633 1343 1680 1387 in
1704 1344 1815 1387 diffi-

249 1416 408 1458 cultate
440 1430 537 1457 eum
569 1417 740 1457 secutus
778 1429 873 1457 sum
903 1415 1089 1471 modum,
1120 1417 1168 1456 ut
1199 1414 1313 1456 bella
1343 1414 1543 1472 graviora
1572 1429 1649 1470 per
1679 1429 1815 1458 annos

250 1486 538 1543 disponerem,
568 1485 807 1528 minoribus
841 1500 942 1528 vero
973 1486 1020 1528 in
1049 1486 1179 1528 rebus
1211 1486 1342 1528 etiam
1373 1485 1657 1542 complurium
1687 1500 1817 1530 anno-

248 1574 344 1600 rum
388 1560 511 1615 gesta
553 1557 600 1600 in
640 1573 774 1600 unum
817 1557 1068 1613 plerumque
1113 1559 1240 1612 caput
1284 1557 1700 1615 comprehenderem,
1745 1573 1814 1601 res

249 1629 430 1685 denique
467 1629 655 1671 urbanas
690 1643 767 1684 per
797 1643 932 1671 annos
963 1628 1025 1671 ita
1057 1628 1375 1686 distribuerem,
1412 1631 1462 1671 ut
1493 1628 1683 1671 eiusdem
1711 1629 1815 1672 ‘anni

252 1716 399 1743 omnes
428 1715 515 1743 uno
542 1700 681 1756 capite
708 1700 1037 1742 continerentur.
1090 1699 1288 1742 Ceterum
1311 1714 1634 1756 nonnumquam
1659 1701 1816 1744 exami-

184 1762 189 1767 ’
248 1772 364 1814 natis
413 1772 469 1814 iis
516 1771 819 1828 scriptoribus,
863 1771 936 1826 qui
975 1770 1170 1814 Sallustii
1206 1771 1401 1813 historiis
1438 1771 1558 1813 fonte
1594 1771 1662 1814 usi
1700 1775 1814 1830 sunt,

249 1843 380 1885 etiam
413 1843 463 1885 de
495 1842 641 1885 ordine
672 1857 815 1884 rerum
846 1842 900 1884 ab
933 1845 1106 1885 auctore
1132 1842 1326 1884 adhibito
1353 1841 1556 1885 certiores
1580 1842 1675 1886 fieri
1698 1843 1812 1887 licet.

249 1913 333 1957 Sed
364 1914 414 1956 de
447 1913 632 1971 singulis
663 1913 790 1956 libris
815 1914 1028 1969 rebusque
1051 1914 1099 1956 in
1123 1913 1276 1956 iisdem
1300 1913 1509 1956 enarratis
1534 1913 1648 1957 infra
1673 1914 1817 1971 dispu-

252 1988 393 2028 tatum
424 1988 501 2028 est.

366 2055 566 2112 Ipsorum
596 2057 937 2114 fragmentorum
966 2071 1169 2099 numerus
1200 2058 1300 2112 post
1331 2055 1489 2098 Kritzii
1516 2056 1814 2113 Dietschiique

250 2128 459 2170 editiones
484 2128 557 2170 vix
584 2128 688 2170 adeo
709 2130 859 2170 auctus
879 2130 962 2184 est3
988 2142 1095 2183 quae
1114 2142 1226 2170 nova
1244 2127 1432 2182 repperit
1453 2127 1557 2169 olim
1569 2127 1714 2170 W61f
1717 2127 1817 2171 flin

249 2199 416 2254 publici
448 2199 556 2241 iuris
587 2199 689 2241 fecit
720 2199 767 2241 in
797 2199 1000 2241 editionis
1030 2198 1332 2241 Dietschianae
1363 2199 1610 2242 recensione
1641 2198 1814 2258 (Philol.

250 2271 326 2313 vol.
352 2273 409 2313 17
430 2284 476 2324 p.
502 2268 604 2328 540)
644 2273 686 2312 et
718 2269 963 2325 nuperrime
998 2285 1075 2312 sua
1106 2270 1314 2325 quaedam
1346 2270 1520 2327 collegit
1549 2269 1596 2313 P.
1627 2269 1657 2312 J
1663 2275 1816 2328 firges

251 2342 277 2384 l.
309 2342 336 2383 1.
368 2357 408 2396 p.
437 2341 493 2383 14
513 2355 594 2397 sq.,
630 2341 696 2383 vd.
734 2341 847 2383 infra
878 2341 1061 2384 tabulam
1089 2342 1416 2396 fraymentormn
1445 2357 1485 2397 p.
1512 2342 1610 2385 238.
1640 2366 1700 2372 —-
1728 2340 1815 2384 Pro

253 2411 506 2470 fragmentis
553 2426 602 2454 ea
645 2414 814 2454 tantum
857 2412 988 2453 habui
1032 2427 1140 2467 quae
1182 2412 1355 2455 nomine
1402 2411 1600 2455 Sallustii
1642 2412 1817 2456 laudato

255 2498 300 2526 re
342 2498 443 2526 vera
486 2498 538 2525 ex
579 2482 774 2524 historiis
819 2486 989 2538 sumpta
1033 2498 1124 2525 esse
1155 2484 1376 2540 videntur,
1419 2483 1596 2526 minime
1631 2490 1733 2526 vero
1770 2499 1819 2526 ea

258 2569 366 2610 quae
408 2554 619 2596 nonnisi
657 2553 901 2596 coniectura
939 2569 960 2596 e
999 2555 1209 2596 sermonis
1248 2553 1505 2598 Sallustiani
1541 2554 1821 2598 similitudine

253 2626 322 2668 vel
365 2624 624 2680 comparatis
669 2625 781 2666 inter
825 2639 868 2666 se
911 2626 1225 2680 posterioribus
1271 2625 1557 2681 scriptoribus
1600 2626 1820 2669 enucleare

254 2695 397 2751 possis
441 2693 579 2752 (velut
614 2709 751 2751 nuper
786 2695 889 2737 fecit
923 2695 1081 2752 Vogel
1116 2700 1190 2739 act.
1225 2697 1371 2739 semin.
1404 2696 1580 2751 Erlany.
1612 2697 1674 2739 II
1695 2695 1820 2755 432)3

257 2769 444 2808 ceterum
484 2766 539 2807 iis
583 2766 633 2808 de
675 2757 928 2824 fragmentis
968 2766 1161 2821 priorum
1204 2767 1416 2809 editorum
1460 2781 1569 2822 quae
1606 2781 1628 2809 e
1669 2770 1819 2810 nostra

257 2837 443 2880 editione
468 2837 723 2880 removenda
747 2851 839 2879 esse
862 2837 1047 2880 iudicavi
1067 2838 1136 2894 egi
1156 2838 1386 2893 appendice
1410 2838 1559 2894 prima.
1580 2863 1635 2868 —
1655 2837 1818 2881 Deinde

259 2909 309 2951 de
346 2908 676 2964 interpretandis
718 2908 1044 2964 disponendisve
1081 2909 1334 2965 fragmentis
1374 2911 1638 2964 quantopere
1669 2909 1822 2952 disces-
