1916 3178
856 177 1114 217 „4-

361 279 493 321 Orsus
525 280 591 321 bis
623 294 747 321 senos
779 280 931 322 seriem
962 283 1136 323 conecto
1168 295 1243 335 per
1273 295 1424 335 annos;

360 349 449 391 Iam
481 350 577 406 lego
610 350 723 391 civili
755 350 936 392 mixtum
966 350 1158 393 Mavorte
1189 351 1394 407 duellum,

359 421 494 462 Movit
525 421 638 475 quod
670 421 784 463 socio
816 421 1028 463 Sertorius
1060 422 1157 463 exul
1188 421 1378 463 Hibero?

212 491 270 533 Et
288 491 488 533 Aurelius
501 491 662 548 Victor,
682 492 924 548 Septimius,
944 492 1157 547 Sulpicius
1177 492 1367 548 Severus,
1392 493 1496 548 quin
1514 492 1766 537 Ammianus

211 560 543 618 Marcellinus¹),
569 563 649 604 etsi
668 563 796 605 homo
817 563 1013 619 Graecus,
1033 578 1119 605 non
1140 564 1276 605 solum
1297 564 1482 605 minores
1502 563 1610 606 istos
1632 564 1767 608 libros

212 636 383 688 norant,
421 634 494 674 sed
524 633 725 675 historias
763 649 930 689 quoque
962 634 1190 690 diligenter
1226 635 1512 676 adhibuerunt
1542 635 1766 692 variosque

212 703 418 745 sermonis
449 705 648 746 flosculos
680 719 731 746 ex
762 705 815 746 iis
841 705 1151 760 decerpserunt.
1201 706 1508 748 Verumtamen
1532 703 1767 763 Avienus³)

211 778 354 816 utrum
391 778 527 817 totam
564 775 839 817 historiarum
877 776 1034 817 molem
1070 776 1301 832 perlegerit
1337 792 1392 818 an
1430 776 1591 818 ‘Situm
1621 775 1766 818 Ponti-

211 846 327 887 cum'
365 860 533 888 seorsus
566 846 743 902 editum,
785 846 934 888 deinde
965 847 1253 902 Hieronymus
1291 847 1484 902 ipsumne
1523 846 1767 889 adhibuerit

211 916 460 958 Sallustium
492 931 546 958 an
577 916 867 972 grammaticis
899 917 1153 972 quibusdam
1179 918 1373 959 debuerit
1404 919 1521 960 locos
1553 933 1604 960 ex
1635 917 1766 960 histo·

210 987 286 1028 riis
311 987 463 1028 allatos
494 1002 594 1029 sane
620 987 806 1028 dubitari
836 991 989 1042 potest.
1040 988 1298 1044 Postremus,
1331 989 1470 1044 quoad
1493 1003 1572 1031 nos
1597 988 1766 1045 scimus,

211 1060 324 1099 totas
349 1057 540 1099 Sallustii
567 1058 768 1100 historias
799 1058 906 1114 legit
930 1058 1217 1115 Augustinus,
1249 1060 1321 1114 qui
1354 1060 1464 1101 libro
1496 1059 1568 1101 ‘de
1594 1059 1766 1102 civitate

210 1128 314 1169 Dei’
346 1128 457 1170 circa
489 1143 646 1170 annum
671 1129 759 1171 425
792 1128 905 1170 edito
930 1129 1126 1185 longiora
1152 1130 1325 1171 exhibet
1349 1129 1625 1172 historiarum
1654 1129 1766 1186 frag-

212 1201 364 1240 menta.
438 1198 593 1240 Iisdem
643 1199 824 1240 fortasse
873 1200 1139 1255 temporibus
1182 1201 1501 1242 attribuendum
1545 1200 1626 1242 erit
1667 1199 1766 1242 Iulii

209 1269 488 1324 Exuperantii
540 1270 611 1311 ‘de
661 1270 773 1311 bello
825 1270 939 1312 civili
990 1271 1264 1325 opusculum'
1316 1286 1367 1313 ex
1410 1271 1601 1314 Sallustii
1651 1270 1764 1313 bello

210 1339 465 1396 Iugurthino
498 1343 625 1394 atque
656 1340 794 1395 primo
827 1340 1104 1382 historiarum
1135 1341 1246 1383 libro
1279 1345 1535 1397 excerptum.

327 1411 468 1452 Medio
495 1410 629 1466 igitur
654 1411 803 1465 quinto
835 1427 874 1466 p.
896 1411 991 1453 Chr.
1017 1427 1057 1453 n.
1083 1412 1251 1454 saeculo
1283 1412 1363 1454 etsi
1394 1413 1519 1468 plane
1545 1412 1767 1455 doctorum

209 1481 431 1523 hominum
471 1495 595 1522 curae
635 1481 839 1523 excidisse
875 1482 1073 1523 videntur
1113 1483 1335 1539 historiae,
1375 1486 1519 1525 tamen
1554 1483 1767 1539 permulta

211 1555 379 1594 exstant
399 1567 544 1593 earum
564 1552 816 1608 fragmenta,
842 1567 1022 1607 quorum
1048 1553 1248 1608 pleraque
1275 1554 1651 1610 grammaticorum
1674 1553 1768 1596 lati*-

208 1638 361 1665 norum
388 1623 529 1664 studio
556 1623 773 1678 debemus,
806 1623 878 1678 qui
905 1623 1095 1665 Sallustii
1122 1639 1257 1680 genus
1283 1624 1447 1666 dicendi
1473 1623 1767 1667 Sallustianas-

211 1709 291 1748 que
333 1709 456 1735 voces
496 1694 797 1749 observabant,
839 1693 1086 1750 laudabant,
1129 1695 1378 1750 aequalibus
1421 1695 1474 1736 ad
1513 1695 1766 1737 imitandum

209 1765 504 1819 proponebant
535 1765 602 1806 vel
634 1764 796 1819 priscae
828 1764 1055 1806 latinitatis
1081 1780 1205 1806 usum
1230 1766 1371 1807 allatis
1402 1781 1455 1807 ex
1480 1781 1529 1807 eo
1561 1765 1766 1821 exemplis

210 1836 530 1877 confirmabant.
610 1835 778 1876 Primos
828 1835 950 1876 docte
1000 1836 1051 1876 de
1091 1835 1302 1878 'Sallustio
1353 1836 1491 1892 egisse
1533 1835 1766 1879 Aemilium

210 1905 421 1961 Asperum
454 1909 495 1947 et
526 1906 746 1948 Valerium
777 1906 966 1947 Probum
998 1921 1125 1961 supra
1156 1907 1240 1949 iam
1272 1908 1637 1958 commemoravi.¹
1671 1907 1766 1950 Sae-

210 1976 384 2031 pissime
423 1977 572 2018 deinde
610 1976 748 2019 Aulus
781 1976 960 2033 Gellius,
1000 1977 1065 2019 vir
1101 1978 1214 2019 haud
1252 1978 1506 2034 ineruditus,
1547 1978 1766 2021 enuntiata

210 2048 390 2089 verbave
423 2063 474 2089 ex
506 2047 699 2089 historiis
730 2048 892 2103 laudat3
930 2051 1079 2102 postea
1116 2049 1232 2090 tertii
1270 2049 1425 2091 saeculi
1463 2049 1765 2105 grammaticus

210 2117 375 2158 exstitit
401 2116 591 2159 Sallustii
623 2117 838 2159 studiosus
863 2118 1030 2160 Nonius
1055 2118 1293 2175 Marcellus,
1323 2122 1491 2174 praeter
1521 2119 1633 2160 hunc
1662 2133 1765 2160 non-

208 2188 326 2229 nulla
351 2188 557 2242 quaedam
582 2188 741 2229 habent
761 2188 1011 2243 Porphyrio,
1037 2189 1205 2230 Horatii
1232 2189 1452 2245 interpres,
1477 2204 1525 2231 ac
1551 2189 1764 2232 Sacerdos.

210 2258 368 2308 Quarto
401 2258 634 2313 quintoque
660 2274 697 2313 p.
726 2258 820 2300 Chr.
846 2274 886 2299 n.
919 2259 1085 2300 saeculo
1111 2275 1266 2315 magna
1291 2260 1666 2316 grammaticorum
1691 2260 1764 2316 qui

209 2329 411 2370 historias
437 2328 674 2370 citaverunt
699 2329 823 2370 nobis
848 2332 1017 2384 praesto
1045 2333 1109 2371 est
1134 2331 1304 2386 cohors3
1337 2346 1388 2372 ex
1413 2331 1568 2386 quibus
1592 2330 1764 2373 Aelium

305 2435 340 2478 1)
364 2433 418 2469 De
445 2432 609 2479 Sulpicio
635 2444 678 2468 ac
704 2433 885 2479 Septimio
911 2434 956 2470 cf.
983 2433 1125 2479 Pratje,
1153 2434 1198 2469 de
1223 2435 1375 2471 Aurelio
1401 2435 1510 2480 Opitz
1536 2437 1574 2470 et
1592 2433 1762 2470 Wolfflin

210 2493 233 2528 l.
261 2493 302 2535 l.;
341 2493 387 2527 de
418 2491 614 2527 Ammiano
652 2492 735 2537 lege
772 2492 902 2537 Hertz,
947 2493 1025 2538 „de
1055 2493 1244 2528 Ammiani
1275 2494 1484 2530 Marcellini
1522 2493 1657 2529 studiis
1683 2493 1766 2528 Sal--

212 2551 414 2586 lustianis“
445 2554 581 2596 (progr.
605 2552 707 2596 1874)
733 2552 768 2586 et
795 2551 896 2587 Wirz
921 2551 961 2586 in
986 2552 1119 2588 Philol.
1145 2552 1300 2588 XXXVI
1325 2565 1361 2598 p.
1381 2556 1462 2588 627.

307 2611 342 2655 2)
366 2609 495 2645 Avien.
523 2609 569 2644 de
596 2620 670 2644 ora.
696 2609 819 2646 marit.
844 2610 895 2647 IV
910 2615 972 2645 32:

540 2668 822 2713 ‘Interrogasti‚
848 2668 880 2703 si
905 2671 1026 2714 tenes,
1052 2670 1230 2705 Maeotici

541 2726 641 2762 Situs
667 2726 750 2771 quis
775 2729 875 2763 esset
900 2727 1088 2774 aequoris:
1117 2729 1334 2764 Sallustium

539 2785 680 2820 Noram
704 2786 744 2820 id
769 2785 933 2831 dedisse,
959 2786 1062 2821 dicta
1087 2788 1125 2822 et
1149 2787 1228 2822 eius
1254 2787 1424 2823 omnibus

538 2844 822 2880 Praeiudicatae
848 2845 1084 2880 auctoritatis
1110 2846 1237 2881 ducier

538 2904 622 2938 Non
646 2903 881 2940 abnuebam.'
