1976 3190
774 1015 1007 1071 LIBER
1055 1017 1101 1071 I.

671 1136 1201 1186 ARGUMENTUM.

268 1334 493 1380 Contineri
529 1336 672 1393 primo
709 1337 988 1381 historiarum
1026 1337 1140 1381 libro
1172 1353 1315 1381 rerum
1347 1340 1470 1384 annis
1504 1342 1558 1385 78
1591 1344 1634 1384 et
1667 1343 1721 1386 77

147 1407 371 1466 gestarum
400 1408 709 1467 narrationem,
746 1409 1031 1466 praecessisse
1063 1409 1201 1453 eidem
1233 1411 1474 1454 breviorem
1510 1412 1723 1455 bellorum

40 1498 44 1508 ·
64 1483 85 1508 4⁰
148 1477 343 1525 ciuilium
366 1479 684 1536 expositionem
709 1483 754 1524 et
778 1481 915 1538 ipsius
934 1481 1124 1525 auctoris
1141 1482 1411 1538 prooemium
1436 1483 1550 1526 inter
1574 1499 1722 1527 omnes

148 1553 330 1595 constat.
390 1551 540 1598 Brimo
583 1551 720 1610 igitur
761 1553 1105 1611 fragmentorum
1142 1554 1282 1611 capite
1311 1556 1571 1609 prooemium
1612 1571 1722 1600 com-

148 1622 329 1685 plector,
358 1622 480 1668 0111118
505 1623 613 1683 duae
638 1624 771 1668 fuisse
796 1627 943 1681 partes
967 1625 1180 1683 videntur,
1211 1626 1347 1669 altera
1378 1642 1463 1683 qua
1490 1630 1640 1671 auctor
1671 1628 1722 1671 de

149 1691 295 1751 operis
333 1681 589 1754 ιιι-8111001110
627 1696 891 1753 consilioque
929 1697 1116 1754 disserit,
1161 1698 1296 1741 altera
1334 1713 1419 1754 qua
1462 1699 1513 1741 de
1550 1699 1722 1755 imperii

146 1764 332 1811 Romani
368 1769 487 1811 statu
521 1758 651 1824 atque
683 1768 735 1811 de
767 1768 906 1812 civilis
938 1769 1174 1812 discordiae
1206 1769 1372 1827 origine
1404 1785 1722 1828 progressuque

147 1837 367 1895 exponit.
388 1837 575 1883 Soemvdo
599 1840 731 1895 capite
755 1840 920 1883 bellum
945 1841 1101 1884 sociale
1127 1842 1375 1898 bellumque
1404 1842 1528 1885 civile
1554 1857 1579 1884 a
1604 1842 1722 1885 Sulla

145 1978 312 2038 Lepido
347 1995 385 2025 a.
415 1983 471 2027 78
509 1983 714 2026 commoti
752 1987 1026 2027 consecutam
1063 1999 1155 2027 esse
1191 1985 1443 2028 memoriam
1479 1986 1628 2042 liquet.
1664 2011 1720 2017 -—

145 2052 292 2111 Atque
321 2053 538 2098 bellorum
568 2054 722 2098 iisdem
745 2056 1019 2112 temporibus
1050 2059 1271 2114 gestorum
1303 2058 1604 2115 gravissimum
1629 2057 1722 2101 Ser-

35 2174 38 2178 ,
145 2125 364 2170 torianmn
394 2129 503 2184 emt3
535 2141 634 2170 cum
663 2142 765 2170 vero
790 2128 907 2184 apud
931 2127 1183 2184 Appianum
1209 2131 1338 2185 atque
1363 2129 1720 2187 Exuperantium,

62 2220 63 2223 ¹
146 2184 342 2242 Saumtii
372 2201 665 2255 excerptores,
695 2199 943 2255 proximum
975 2202 1075 2256 pest
1107 2201 1362 2244 seditionem
1393 2201 1546 2258 Lepidi
1577 2202 1720 2245 locum

146 2267 442 2315 Sertorianum
473 2270 638 2314 bellum
664 2273 810 2314 teneat
834 2271 986 2330 (etiam
1010 2271 1158 2315 Livius
1183 2273 1365 2315 eundem
1391 2273 1587 2329 sequitur
1612 2274 1719 2316 ordi—

133 2340 279 2400 ¹nem),
307 2346 455 2398 quarto
484 2344 704 2410 Qianue
727 2345 859 2399 eapite
890 2359 939 2387 ea
965 2344 1121 2402 collegi
1146 2344 1389 2402 fragmenta
1415 2360 1523 2401 quae
1549 2346 1602 2387 ad
1628 2345 1718 2388 Ser-

131 2413 308 2458 torium
337 2417 548 2472 spectant,
579 2415 643 2458 ita
667 2415 840 2472 quidem
872 2418 921 2459 ut
947 2416 1082 2459 altero
1109 2416 1160 2459 de
1186 2415 1366 2459 Sertorii
1390 2417 1479 2459 vita
1504 2418 1718 2472 rebusque

145 2485 203 2529 ab
233 2487 286 2530 00
316 2490 453 2543 iisque
482 2486 538 2529 ad
568 2501 728 2530 annum
760 2488 817 2531 80
848 2487 1002 2545 gestis,
1037 2487 1173 2531 altero
1206 2487 1257 2530 de
1289 2487 1384 2544 ipso
1416 2489 1531 2531 bello
1564 2488 1718 2544 Hispa-

143 2556 285 2605 niensi
316 2561 482 2619 agatur.
544 2558 806 2603 Successisse
838 2559 955 2616 apud
985 2560 1156 2603 Livium
1185 2559 1354 2604 Servilii
1386 2559 1717 2617 expeditionem,

57 2682 60 2688 Ι
145 2629 245 2674 dein
269 2630 435 2674 bellum
457 2630 861 2695 Macedonicumlab
887 2631 1035 2688 Appio
1062 2631 1239 2675 Claudio
1270 2634 1442 2689 gestum
1468 2646 1490 2673 e
1516 2631 1719 2686 periocha

143 2700 248 2760 libri
271 2702 542 2761 nonagesimi
568 2703 781 2760 sequitur;
807 2717 937 2759 quare
963 2706 1191 2760 utramque
1217 2719 1306 2746 rem
1332 2706 1375 2745 et
1400 2702 1484 2744 alia
1509 2702 1718 2758 quaedam

144 2772 215 2820 his
245 2772 370 2819 annis
399 2777 523 2833 gesta
553 2778 663 2818 sexto
694 2775 826 2829 capite
856 2775 1172 2831 comprehendi.
1229 2773 1512 2817 Servilianum
1545 2773 1718 2829 quidem

145 2845 312 2894 bellum
335 2846 481 2904 coepit
499 2846 619 2890 Sulla
643 2845 775 2889 etiam
799 2849 894 2890 tum
911 2847 1095 2904 vivente,
1119 2846 1162 2888 id
1190 2849 1254 2888 est
1280 2848 1510 2901 antequam
1528 2845 1717 2901 Lepidus

144 2916 401 2962 seditionem
437 2918 649 2975 accendit3
692 2933 823 2975 quare
861 2917 1030 2962 Servilii
1051 2918 1380 2981 *profectionem
1417 2920 1517 2960 ante
1554 2917 1716 2960 Sullam

217 2994 450 3031 Salluntiun,
472 2996 519 3023 ed.
541 2995 807 3022 Mnutenbreehor.
832 2996 875 3023 Π.
1410 2992 1428 3024 l

146 1908 382 1968 Mar-iisque
425 1913 598 1969 gestum
641 1915 875 1956 enarratur.
947 1914 1084 1957 Tertio
1127 1913 1226 1957 dein
1268 1915 1399 1969 capite
1441 1914 1654 1957 tumultus
1698 1930 1722 1956 a
1785 1963 1790 1968 .
