2034 3184
522 148 722 186 Enarraffio
748 152 900 185 23—27.
928 170 972 176 —
999 150 1227 196 Fragmenta
1248 154 1397 187 17-19.
1661 150 1743 193 197

19 236 22 237 ⁷
45 256 51 263 ³
106 279 110 281 -
168 257 263 304 lum
292 259 467 318 legibus
497 258 762 315 solveretur',
793 273 878 315 qua
908 259 960 301 dc
991 259 1088 316 lege
1114 260 1391 304 vehementer
1421 261 1598 304 offensis
1629 276 1747 304 sena-
1781 281 1788 288 ·

170 329 343 375 toribus
377 329 620 387 Pisoneque
657 329 831 374 consule
875 329 1074 388 ingentes
1118 333 1272 375 turbae
1314 332 1358 375 in
1401 333 1589 377 comitiis
1626 335 1747 377 ortae

170 402 291 460 sunt3
328 401 489 445 etenim
523 401 691 459 consul,
727 415 825 444 cum
856 415 935 457 per
966 401 1190 445 tribunum
1230 403 1444 459 quendam
1482 404 1747 448 intercedere

169 468 259 532 legi
289 472 490 517 ferendae
520 473 668 530 vellet,
699 473 836 531 ‘gravi
868 472 1061 517 convicio
1093 489 1118 516 a
1149 475 1313 531 populo
1346 479 1554 532 exceptus
1586 478 1669 533 est3
1704 478 1748 519 et

169 559 269 590 cum
292 545 367 588 ille
392 559 478 602 eos,
503 546 577 601 qui
599 545 682 589 sibi
703 545 966 589 intentabant
987 560 1139 589 manus
1164 546 1240 605 (fr
1262 546 1351 605 27),
1378 547 1530 604 prendi
1550 563 1575 590 a
1594 547 1746 591 lictore
1761 551 1816 593 27

168 616 377 675 suasisset,
403 618 799 673 fractiemsfasces
822 621 922 660 sunt
1057 618 1156 669 Τὰς
1205 616 1260 661 δὲ
1307 619 1539 677 ῥάβδους
1585 619 1747 663 αὐτοῦ

167 688 404 745 lapidesque
421 679 553 733 etiam
579 704 632 733 ex
651 689 805 732 ultima
823 703 919 732 con-
994 689 1018 734 ὁ
1037 691 1191 746 ὄχλος
1213 689 1498 748 συνέτριψε
1516 689 1590 734 καὶ
1609 690 1748 735 αὐτὸν

167 760 286 804 tione
306 762 352 804 in
370 762 574 807 consulem
586 761 701 805 ‘iacti'
721 759 920 820 (Ascon.
994 761 1326 806 διασπάσασθαι
1342 761 1745 821 ἐπεχείρησεν(])ἰο

165 831 219 876 in
249 831 444 877 Cornel.
476 849 518 890 p.
543 833 719 878 57—58
736 831 838 891 Or.).
994 848 1028 877 c.
1053 834 1124 891 39,
1149 831 1209 891 3).

284 903 514 949 Praeterea
539 905 762 949 Cornelius
787 905 941 963 legem,
968 905 1064 948 ‘etsi
1090 920 1216 949 nemo
1242 921 1485 964 repugnare
1513 920 1644 950 ausus
1669 910 1747 964 est,

165 976 316 1021 multis
354 979 500 1021 tamen
530 977 679 1021 invitis
711 976 831 1034 tulit,
869 980 918 1020 ut
954 980 1176 1034 praetores
1208 993 1260 1021 ex
1292 978 1443 1025 edictis
1475 979 1564 1022 suis
1595 994 1746 1036 perpe-

166 1047 256 1093 tuis
278 1048 348 1092 ius
371 1049 578 1093 dicerent’
605 1048 803 1105 (Ascon.
829 1065 870 1105 p.
897 1050 967 1093 59.
994 1075 1050 1080 —
1077 1049 1173 1093 Dio
1199 1065 1232 1093 c.
1259 1050 1330 1107 40,
1353 1052 1389 1093 1.
1411 1049 1469 1108 2).
1520 1051 1744 1095 Postremo

166 1120 220 1165 de
248 1120 296 1165 L.
320 1121 490 1167 Luculli
522 1121 743 1165 cuiusdam
775 1123 979 1177 praetura
1009 1122 1196 1165 relatum
1227 1125 1293 1165 est
1326 1122 1442 1181 (Dio
1467 1138 1501 1166 c.
1527 1122 1618 1181 41).

813 1286 1097 1332 Fragmenta.

289 1361 398 1408 17²⁸.
458 1362 553 1415 Qui
584 1363 728 1407 nullo
761 1366 902 1406 certo
936 1363 1095 1406 exilio
1127 1363 1461 1420 vagabantur.

283 1457 390 1504 App.
441 1457 529 1504 (Ine.
551 1461 596 1493 27
607 1457 651 1504 D,
677 1457 729 1493 III
750 1461 793 1494 73
804 1457 849 1503 Κ,
875 1457 892 1493 Ι
913 1461 957 1494 76
969 1456 1012 1502 G,
1039 1457 1054 1492 I
1073 1469 1108 1503 p.
1130 1460 1199 1492 393
1211 1457 1286 1503 Br.)
1305 1479 1350 1484 —
1372 1458 1473 1494 Serv.
1495 1459 1545 1494 ad
1564 1459 1655 1496 Aen.
1677 1460 1694 1495 I
1708 1465 1739 1496 2.

285 1528 449 1569 Gomm.
510 1529 596 1569 Hos
633 1529 768 1569 exules
800 1542 1005 1582 vagosque
1044 1529 1086 1567 in
1118 1529 1386 1581 fugitivorum
1415 1543 1583 1570 numero
1616 1532 1740 1571 fuisse

162 1588 327 1641 putavit
349 1589 474 1641 Kritz,
495 1589 558 1629 τιὸ.
580 1589 779 1640 Lepidum
810 1602 851 1629 se
883 1589 1105 1640 applicasse
1137 1602 1203 1629 eos
1229 1589 1467 1630 Debrossius
1493 1604 1540 1630 ac
1567 1591 1737 1632 Gerlach

162 1649 243 1689 rati
274 1650 378 1689 sunt.
439 1648 497 1688 At
527 1662 601 1702 ego
632 1649 772 1689 malim
803 1649 854 1688 ad
885 1650 1038 1700 piratas
1070 1662 1161 1689 cum
1190 1649 1395 1689 Dietschio
1426 1651 1549 1690 verba
1579 1652 1738 1703 referre,

161 1722 335 1762 namque
365 1722 447 1750 non
476 1722 519 1749 re
548 1722 645 1750 vera
673 1710 807 1749 exules
834 1709 1052 1762 significari
1077 1709 1316 1762 putaverim,
1348 1724 1487 1750 verum
1518 1711 1632 1764 tales,
1667 1713 1736 1763 qui

161 1770 270 1810 nullo
311 1770 424 1809 exilio
467 1782 516 1808 ex
556 1769 646 1820 ipsa
688 1771 849 1809 tantum
893 1769 1017 1808 animi
1060 1769 1330 1809 inconstantia
1374 1783 1420 1810 ac
1463 1771 1628 1811 levitate
1667 1786 1739 1823 per

161 1831 295 1870 terras·
313 1829 522 1880 mariaque
539 1831 756 1882 vagentur,
781 1830 823 1868 id
848 1831 986 1869 autem
1010 1842 1137 1882 genus
1159 1829 1339 1869 homines
1364 1832 1586 1881 permultos
1612 1832 1737 1872 fuisse

161 1889 268 1930 inter
296 1889 516 1942 praedones
547 1889 826 1941 unusquisque
858 1889 957 1928 mihi
989 1889 1187 1929 concedet.

283 1990 393 2038 18¹².
433 1992 626 2037 Charis.
646 2009 687 2050 p.
708 1994 783 2037 98:
809 1993 949 2037 ‘Ostia
974 1993 1117 2037 exitus
1136 1994 1427 2038 fluminumin
1446 2011 1563 2039 mare
1581 2000 1736 2040 neutro

161 2064 327 2123 genere'
357 2080 529 2122 semper
564 2065 793 2122 pluraliter
830 2066 1040 2109 dicuntur.
1109 2065 1191 2109 Sed
1229 2066 1266 2109 si
1303 2067 1457 2110 urbem
1495 2067 1738 2126 significare

160 2137 298 2196 voles,
335 2137 599 2196 singularem
630 2137 778 2194 potius
808 2153 1035 2181 numerum
1067 2139 1338 2196 observabis,
1375 2140 1571 2196 quamvis
1603 2140 1737 2184 Sallu·
1766 2155 1781 2181 ι

159 2209 271 2254 stius
300 2209 550 2266 frequenter
580 2210 711 2253 etiam
741 2210 900 2266 plurali
931 2225 1111 2254 numero
1143 2211 1298 2254 urbem
1330 2211 1574 2269 significet?
1766 2204 1772 2213 ¹

281 2309 389 2356 App.
439 2310 527 2356 (Inc.
549 2312 595 2345 74
608 2309 652 2355 D,
678 2313 725 2345 40
738 2310 783 2356 K,
809 2313 854 2346 82
870 2310 912 2356 G,
938 2311 955 2346 I
980 2323 1015 2357 p.
1036 2314 1105 2347 546
1119 2311 1194 2358 ΒΥ.)

279 2381 310 2422 C
318 2394 446 2422 cmm
498 2381 683 2421 Eundem
707 2381 759 2421 ad
776 2382 909 2422 locum
935 2384 1114 2434 spectare
1134 2383 1423 2435 grammaticus
1442 2383 1542 2423 mihi
1559 2384 1733 2437 videtur,

159 2455 280 2495 quem
311 2441 471 2482 exhibet
500 2441 578 2481 Dio
610 2454 642 2481 c.
670 2443 738 2493 22,
765 2443 809 2481 2:
847 2440 887 2490 ἔς
918 2457 958 2482 τε
989 2441 1057 2490 τὰς
1093 2440 1211 2491 ἄλλας
1247 2442 1317 2492 τὰς
1348 2443 1470 2500 ταύτῃ
1502 2443 1634 2492 πόλεις
1665 2444 1733 2485 καὶ

158 2500 206 2551 ἐς
242 2499 361 2542 αὐτὰ
397 2500 450 2541 τὰ
475 2498 642 2541 ’aava
677 2499 858 2541 ἐσέπλεον
895 2501 961 2542 καὶ
997 2502 1065 2551 τάς
1102 2517 1140 2543 τε
1177 2509 1279 2551 ναῦς
1320 2501 1454 2544 ἔκαιον
1494 2503 1561 2544 καὶ
1601 2500 1730 2544 πάνθ’

160 2561 349 2617 ἥρπαζον.

200 2681 202 2686 ν
282 2652 390 2698 19*.
453 2652 892 2709 cupientissimus
922 2654 1066 2713 legis.

429 2746 691 2793 (1n0.32D‚V
712 2748 811 2794 15K‚
837 2748 888 2784 IV
907 2748 1007 2795 36G,
1027 2749 1061 2784 Π
1079 2762 1114 2796 p.
1130 2750 1285 2796 5s4Br.)
1306 2772 1349 2776 ——
1371 2750 1572 2788 Diomedes
1592 2764 1626 2798 p.
1649 2756 1728 2789 311.

158 2817 206 2824 —
229 2747 434 2832 Dolziptheus
459 2795 542 2841 (VII
566 2807 601 2841 p.
623 2798 718 2842 426).

277 2866 444 2908 Oomm
506 2867 708 2927 Populum
734 2868 1080 2919 cupientissimum
1109 2870 1231 2909 fuisse
1258 2870 1358 2922 legis
1385 2870 1557 2910 alicuius
1583 2865 1730 2925 (tribu-

156 2927 298 2980 niciae,
316 2921 555 2982 iudicariae)
576 2922 746 2967 coniecit
764 2928 940 2981 Dietsch,
965 2932 1105 2970 contra
1125 2930 1361 2981 Pompeium
1381 2931 1590 2983 legemque
1611 2931 1729 2972 Gabi-
