1976 3190
282 160 339 200 44
778 158 933 197 Sallusti
958 158 1207 194 Historiorum
1232 159 1296 194 lib.
1318 159 1343 194 I.

401 265 543 310 103*.
603 265 740 309 More
770 266 1014 310 hum-anae
1045 266 1305 323 cupidinis
1336 266 1515 323 ignara
1543 266 1752 312 visendi.
1805 284 1807 286 ·

398 359 504 404 App.
550 359 637 404 (1110.
660 363 704 394 94
717 359 761 405 D,
787 363 832 395 63
847 359 889 405 K,
915 360 966 395 111
986 364 1030 396 89
1045 360 1101 406 G.)
1122 381 1165 387 -
1187 360 1329 396 Gellius
1351 358 1403 393 IX
1423 363 1478 404 12,
1499 363 1553 395 22.
1575 382 1619 387 —
1637 360 1782 398 Nonius
1799 362 1835 398 Π

279 418 314 451 p.
338 409 421 441 129:
451 405 650 441 ‘Salustius
675 406 895 452 Iugurthino
917 407 1044 443 bello.'
1066 410 1078 454 [Ι
1096 409 1213 454 more]
1239 418 1364 443 amore
1390 407 1509 442 Nonii
1531 408 1633 444 codd.
1652 429 1700 435 —
1717 409 1838 446 Nonii

280 454 521 488 testimonium
546 455 657 489 nihili
680 465 750 490 esse
770 459 873 499 puto,
897 467 978 490 cum
1002 457 1078 501 ipse
1102 467 1146 491 ex
1172 456 1283 491 Gellii
1307 466 1408 500 quem
1433 455 1543 490 attuli
1568 456 1642 491 loco
1665 456 1834 494 hamme.

280 501 408 545 Itaque
427 511 469 535 ea
487 512 536 544 re,
562 502 657 546 quod
675 502 716 536 in
734 502 954 548 layum-thino
974 503 1063 538 bello
1080 504 1166 538 haec
1183 504 1290 538 verba
1310 503 1430 548 leqisse
1447 513 1483 537 se
1501 507 1673 548 nuqatwr,
1692 503 1836 540 mmm

280 548 488 583 commoveri
512 549 616 584 ambis
641 549 732 593 licet,
757 554 798 585 ut
822 550 873 585 ad
896 550 978 596 luy.
998 561 1027 586 c.
1048 553 1095 585 93
1120 562 1163 585 ea
1185 550 1392 594 referamus.

399 623 565 663 Comm.
625 624 767 663 Dictus
805 627 865 664 est
903 626 973 676 qui
1002 639 1198 665 novarum
1228 639 1361 664 rerum
1399 625 1568 675 cupidus
1603 625 1645 664 in
1675 626 1836 678 ignaras

279 682 529 732 incertasque
561 683 741 734 regiones
773 685 889 724 solito
915 685 1038 723 latius
1065 685 1253 735 procedit.
1304 684 1417 731 Quod
1446 684 1488 723 in
1514 684 1735 725 Sertorium
1763 685 1835 725 im-

279 741 417 790 primis
449 742 586 780 cadere
618 755 770 782 summo
803 744 1026 782 insularum
1051 744 1348 782 fortunatarum
1378 743 1570 783 desiderio
1595 746 1837 785 commotum

279 802 454 852 constat3
489 814 611 851 quare
643 802 693 840 ad
724 803 829 842 hunc
860 804 1130 855 fragmentum
1160 803 1357 854 pertinere
1389 803 1582 842 existimo.

912 1075 1117 1122 CAPUT
1155 1074 1210 1123 V.

551 1176 680 1220 Belli
714 1176 1172 1234 Sertoriani'initia,
1205 1178 1270 1222 fr.
1300 1176 1565 1224 104-126.

935 1291 1184 1329 Enarratio.

398 1365 611 1409 Sertorius
630 1381 728 1409 eum
746 1367 792 1410 in
809 1367 1076 1410 Mauretania
1095 1370 1344 1424 moraretur,
1370 1383 1394 1410 a
1412 1367 1635 1411 Lusitanis
1649 1382 1759 1411 anno
1780 1369 1838 1412 80

279 1435 324 1477 in
349 1436 604 1491 Hispaniam
634 1441 856 1481 revocatus
888 1442 964 1494 est,
995 1442 1043 1481 ut
1069 1439 1155 1481 dux
1182 1441 1292 1481 esset
1318 1439 1422 1481 belli
1451 1441 1598 1482 contra
1621 1439 1838 1482 Romanos

278 1507 453 1562 gerendi
497 1507 647 1566 (Plut.
692 1509 815 1551 Sert.
854 1525 888 1552 c.
922 1509 1015 1567 10);
1059 1510 1216 1566 quibus
1259 1511 1490 1553 obsecutus
1532 1510 1579 1553 in
1618 1509 1837 1552 Baeticam

175 1578 259 1620 104
279 1578 387 1620 clam
418 1581 738 1622 transvecturus
769 1581 843 1639 (fr.
868 1580 972 1637 104)
998 1581 1169 1624 Cottam
1194 1581 1247 1622 ad
1264 1581 1502 1624 Mellariam
1527 1596 1679 1638 pugna
1695 1581 1838 1624 navali

176 1649 259 1692 105
279 1649 434 1691 devicit
466 1652 594 1705 atque
626 1666 722 1693 cum
747 1651 966 1693 Lusitanis
994 1667 1084 1694 sese
1111 1651 1332 1694 coniunxit
1357 1650 1432 1708 (fr.
1462 1650 1577 1709 105).
1631 1651 1692 1695 Et
1717 1651 1837 1695 brevi

278 1723 377 1775 post
409 1721 568 1763 vicinas
593 1722 838 1764 Lusitaniae
870 1725 1019 1779 gentes
1051 1722 1133 1765 sibi
1165 1722 1314 1764 ascivit
1339 1722 1555 1778 plerisque
1581 1710 1838 1780 spontesua

277 1791 330 1832 ad
363 1791 598 1834 Sertorium
636 1793 934 1835 deficientibus
970 1796 1098 1848 atque
1135 1793 1446 1835 admirantibus
1476 1793 1698 1850 ingenium
1734 1793 1838 1849 eius,

175 1862 258 1904 106
279 1862 442 1904 scilicet
473 1863 724 1906 credulitate
749 1864 987 1919 fiduciaque
1012 1863 1305 1919 Hispanorum
1331 1861 1405 1920 (fr.
1431 1863 1534 1921 106)
1560 1863 1710 1906 callide
1734 1878 1837 1907 usus

279 1936 344 1975 est
375 1932 525 1990 (Plut.
558 1949 590 1976 c.
620 1935 686 1990 11,
718 1934 823 1976 adde
856 1934 978 1977 Gall.
1005 1934 1086 1976 XV
1111 1935 1180 1988 20,
1210 1933 1436 1976 Frontin.
1466 1933 1488 1976 I
1519 1935 1587 1989 11,
1615 1932 1700 1991 13).
1760 1933 1837 1977 At-

278 2007 423 2047 tamen
461 2004 586 2047 initio
626 2005 740 2046 haud
778 2019 958 2061 magnae
998 2005 1171 2046 fuerunt
1209 2004 1387 2046 Sertorii
1428 2018 1531 2059 opes
1570 2004 1836 2062 exiguusque

279 2075 502 2132 exercitus,
530 2091 716 2131 quocum
740 2076 968 2131 imperium
993 2075 1234 2117 Romanum
1260 2089 1539 2132 aggressurus
1565 2078 1656 2118 erat
1676 2075 1833 2134 (Plut.

278 2160 310 2188 e.
346 2145 440 2203 12);
490 2146 537 2188 in
581 2162 665 2202 quo
706 2146 852 2203 magni
896 2146 934 2188 ei
972 2146 1178 2188 momenti
1223 2149 1344 2188 erant
1380 2146 1627 2188 Maurorum
1664 2145 1835 2203 auxilia,

176 2217 256 2259 107
280 2231 386 2272 quae
418 2232 561 2260 secum
592 2217 638 2259 in
667 2217 933 2259 Lusitaniam
963 2217 1197 2258 adduxerat
1230 2214 1303 2273 (fr.
1333 2214 1448 2274 107).

395 2287 459 2330 Ac
495 2288 683 2343 primum
720 2303 830 2330 anno
863 2289 919 2331 80
955 2287 1170 2329 Fufidium
1206 2287 1422 2330 ulterioris
1458 2286 1703 2342 provinciae
1739 2302 1835 2343 pro·

69 2358 262 2415 108,109
276 2361 518 2413 praetorem
563 2359 616 2400 ad
658 2358 826 2400 Baetim
869 2357 981 2399 fudit
1023 2357 1098 2415 (fr.
1134 2359 1236 2414 108,
1277 2355 1393 2414 109).
1464 2356 1590 2400 Anno
1634 2360 1734 2416 post
1778 2359 1833 2401 79

277 2429 323 2479 Q.
343 2429 555 2485 Metellus,
588 2429 661 2484 qui
685 2428 852 2470 Fufidio
880 2429 1145 2484 succedebat,
1169 2427 1404 2483 Hispaniae
1429 2427 1622 2470 ulteriori
1646 2428 1835 2484 praefuit

176 2486 259 2542 110‘
277 2498 351 2557 (fr.
378 2498 497 2557 110)3
526 2514 664 2555 neque
695 2514 794 2541 vero
821 2499 974 2541 melius
999 2514 1066 2542 res
1091 2499 1238 2556 gessit,
1267 2514 1366 2541 nam
1391 2498 1566 2541 alterius
1590 2497 1834 2554 provinciae

278 2573 600 2626 propraetorem
629 2569 686 2612 M.
717 2570 956 2612 Domitium
989 2569 1227 2626 Calvinum,
1265 2584 1391 2625 quem
1421 2569 1580 2611 auxilio
1610 2572 1834 2612 vocaverat

174 2644 252 2686 111
279 2640 353 2698 (fr.
383 2640 504 2699 111),
542 2641 783 2683 Hirtuleius
820 2640 997 2683 Sertorii
1036 2643 1236 2695 quaestor
1274 2640 1428 2683 devicit
1466 2642 1508 2683 et
1543 2639 1590 2682 L.
1627 2639 1832 2682 Thorium

274 2712 460 2754 Balbum
497 2712 660 2754 Metelli
699 2711 890 2768 legatum
931 2711 1144 2753 Sertorius
1185 2711 1350 2753 occidit.
1414 2710 1578 2752 Deinde
1612 2709 1711 2765 ipse
1747 2709 1833 2752 Me-

277 2782 456 2840 tellusss)
489 2797 586 2825 cum
615 2783 661 2825 in
691 2781 956 2824 Lusitaniam
989 2797 1041 2824 ex
1072 2782 1274 2824 ulteriore
1305 2781 1524 2837 provincia
1554 2780 1833 2846 processisset

397 2899 426 2945 ²¹¹)
446 2899 501 2934 De
520 2899 654 2934 harum
672 2910 796 2935 rerum
813 2900 980 2945 tempore
1001 2900 1113 2944 atque
1134 2898 1263 2934 ordine
1282 2898 1342 2934 vd.
1364 2909 1493 2934 comm.
1512 2897 1561 2933 ad
1573 2897 1617 2934 fr.
1633 2901 1830 2935 112—115.
