1976 3190
513 197 713 234 Enarratio
732 200 908 233 90—106.
935 219 982 223 -—
1007 197 1235 255 Fragmenta
1261 202 1317 234 90.
1339 202 1395 234 91.
1662 196 1745 239 147

73 347 91 361 ,Α
289 305 472 350 Postero
505 307 604 350 dein
634 322 745 350 anno
777 308 832 350 72
865 306 938 349 Cn.
964 307 1176 350 Lentulus
1208 310 1251 350 et
1282 307 1328 350 L
1355 307 1520 350 Gellius
1552 307 1748 350 consules

7 368 10 386 ⁵
55 373 94 435 ’,
170 376 377 424 adversus
408 379 618 437 fugitivos
648 378 768 422 missi
800 381 917 436 sunt,
956 375 1020 422 ὧν
1054 378 1234 430 Γέλλιος
1273 396 1355 436 μεν
1387 381 1436 423 τὸ
1470 381 1747 437 Γερμανικὸν

71 439 91 479 *s
171 436 300 508 ὕβρει
337 449 411 494 καὶ
449 453 701 507 φρονήματι
739 458 829 494 τῶν
861 454 1184 507 Σπαρτακείων
1221 449 1497 507 ἀποσχισθὲν
1537 451 1749 507 ἐξαίφνης

6 575 8 579 ‚
50 563 74 573 ,„
172 521 375 580 ἐμπεσὼν
406 523 524 566 ἅπαν
549 523 780 579 διέφθειρε
800 517 887 580 (fr.
911 522 1011 580 104,
1041 521 1157 580 105),
1190 523 1392 566 Λέντλου
1418 520 1467 566 δε
1493 524 1571 566 τὸν
1597 523 1749 578 Σπάρ-
1767 522 1964 579 104,105

4 582 7 625 Ᾰ
172 609 309 637 τακον
339 593 549 650 μεγάλοις
581 592 894 650 στρατοπέδοις
924 595 1242 650 περιλαβόντος
1282 595 1477 650 ὁρμήσας
1509 595 1643 651 ὁμόσε
1675 593 1747 637 καὶ

84 694 95 702 2
171 664 317 723 μάχην
348 665 552 717 συνάψας
583 665 792 720 ἐκράτησε
829 663 911 721 μὲν
942 673 1032 708 τῶν
1069 668 1374 721 πρεσβευτῶν,
1413 667 1542 722 ἔλαβε
1580 664 1630 709 δὲ
1666 667 1748 721 τὴν

173 735 424 792 ἀποσκευὴν
455 737 630 780 ἅπασαν
659 736 809 795 (Plut.
835 735 942 794 1.1.).
993 736 1186 779 Devictis
1215 737 1466 779 consulibus
1493 737 1603 779 caesi
1631 736 1747 779 Crixi

171 807 324 851 funera
357 808 624 864 amplissime
655 808 747 866 egit
785 808 1081 864 ‘captivosque
1119 808 1231 851 circa
1268 824 1423 866 rogum
1455 808 1582 851 iussit
1619 808 1749 850 armis

173 876 434 938 depugnare,
471 880 593 936 quasi
626 880 755 936 plane
793 880 1047 936 expiaturus
1080 895 1206 923 omne
1238 880 1522 936 praeteritum
1555 880 1751 935 dedecus,

173 950 210 995 si
255 951 308 994 de
351 951 591 1009 gladiatore
634 952 903 995 munerarius
947 953 1125 995 bustum
1169 952 1363 994 fecisset’
1404 951 1555 1010 (Flor.
1595 950 1748 1008 ibid.)⁸

169 1021 262 1066 Iam
297 1022 439 1079 ipsam
476 1023 654 1081 aggredi
693 1023 877 1066 Romam
915 1039 1043 1066 ausus
1081 1026 1165 1079 est⁷
1203 1024 1287 1066 iam
1327 1024 1523 1066 consules
1561 1024 1669 1066 duos
1708 1024 1753 1065 in

28 1144 42 1149 ,Ι
78 1142 80 1146 ,
170 1109 276 1154 agro
301 1093 460 1138 Piceno
492 1095 577 1138 sibi
610 1096 748 1138 denuo
781 1098 994 1138 restantes
1019 1096 1132 1138 fudit
1164 1095 1240 1154 (fr.
1272 1096 1388 1152 106),
1419 1098 1565 1138 tamen
1592 1098 1749 1138 conatu
1773 1098 1857 1140 106

95 1215 97 1218 ι
171 1165 340 1210 destitit
373 1169 418 1209 et
449 1167 502 1209 ad
533 1167 875 1223 septentrionem
913 1183 1006 1211 sese
1041 1168 1254 1211 convertit
1292 1171 1421 1223 atque
1461 1167 1594 1223 ‘apud
1624 1167 1751 1209 Muti-

170 1252 272 1281 nam
302 1237 432 1281 Publi
466 1238 602 1283 Cassii
641 1242 780 1282 castra
819 1239 1004 1282 delevit'.
1067 1239 1171 1282 Mox
1210 1239 1255 1281 in
1294 1239 1542 1282 inferiorem
1580 1238 1751 1281 Italiam

171 1310 426 1367 praedatum
457 1311 644 1354 recessit.

818 1403 1100 1448 Fragmenta.

290 1478 370 1524 90.
432 1478 595 1522 Schol.
628 1479 687 1520 ad
718 1478 891 1521 Horat.
930 1478 1071 1534 epod.
1107 1480 1180 1533 16,
1206 1480 1250 1521 6:
1287 1478 1531 1533 ‘Spartacus
1554 1480 1750 1534 princeps

167 1550 450 1606 yladiatorum
478 1550 530 1593 de
555 1550 643 1593 illis
670 1554 877 1606 quattuor
902 1553 945 1593 et
971 1550 1262 1607 septuaginta,
1292 1551 1366 1606 qui
1393 1551 1488 1594 ludo
1514 1552 1674 1605 cyressi,
1702 1554 1751 1593 ut

171 1621 402 1666 Sallustius
442 1621 488 1664 in
530 1622 660 1664 tertio
701 1621 980 1682 historiarum
1024 1622 1174 1678 refert,
1220 1637 1349 1679 grave
1394 1622 1609 1677 proelium
1654 1638 1750 1665 cum

171 1693 336 1751 populo
368 1693 564 1737 Romano
596 1694 851 1750 gesserunt?

290 1787 398 1834 App.
438 1788 564 1833 (Deest
576 1788 618 1823 iu
630 1788 876 1833 editionibus.)
892 1809 937 1814 —
951 1788 1025 1824 Ed.
1037 1788 1237 1833 Kurschat‚
1259 1788 1449 1824 Uuedierte
1464 1788 1751 1824 Horazscholieu

170 1834 232 1872 des
256 1836 368 1872 codem
394 1835 593 1872 Parisinus
617 1840 694 1880 etc„
714 1847 839 1883 proyr.
873 1837 982 1872 Tilsit
1003 1839 1134 1881 (1884)
1157 1848 1197 1882 p.
1219 1838 1275 1872 51.

290 1911 457 1953 Oomm.
514 1913 552 1952 A
578 1913 824 1953 Sallustiano
852 1914 1044 1953 sermonis
1076 1928 1219 1966 genere
1249 1927 1341 1953 cum
1366 1914 1483 1954 valde
1510 1914 1751 1954 abhorreant

170 1972 275 2012 illud
301 1985 424 2023 yrave
445 1974 642 2029 proelium
675 1967 724 2027 (2)
758 1986 844 2013 eum
869 1975 1015 2023 populo
1042 1975 1220 2013 Romano
1254 1968 1302 2028 (l)
1333 1977 1537 2023 yesserwnt
1566 1974 1749 2025 illudque

170 2033 219 2072 de
247 2033 328 2072 illis
359 2026 564 2079 LXXIV,
602 2034 700 2073 haec
737 2047 757 2073 e
790 2047 863 2073 suo
895 2034 1049 2073 dedisse
1081 2034 1340 2074 scholiastam
1372 2034 1572 2086 sequitur,
1610 2035 1749 2085 itaque

170 2105 252 2133 non
283 2094 381 2144 erat,
413 2106 486 2132 cur
512 2093 660 2145 Jiirges
686 2107 724 2143 p.
748 2096 800 2134 15
829 2094 941 2133 nisus
971 2095 1046 2134 hoc
1071 2095 1158 2133 loco
1191 2108 1211 2133 e
1237 2094 1360 2133 variis
1386 2094 1507 2146 Flori,
1539 2094 1749 2144 periochae

169 2152 381 2204 Livianae,
413 2151 562 2204 Orosii,
593 2153 800 2204 Eutropii,
832 2154 996 2206 Velleii,
1029 2154 1231 2205 Frontini,
1267 2154 1440 2194 aliorum
1471 2155 1568 2193 locis
1600 2168 1751 2194 novum

170 2212 444 2265 fragmentum
463 2215 691 2252 contexeret
716 2226 762 2252 ac
781 2215 946 2264 putaret
971 2215 1042 2254 hos
1063 2227 1083 2253 e
1105 2214 1299 2253 Sallustio
1319 2214 1513 2266 hausisse,
1538 2227 1751 2253 numerum

170 2285 264 2313 vero
290 2272 559 2325 fugitivorum
590 2273 700 2323 apud
724 2273 988 2313 Plutarchum
1020 2274 1242 2314 exhibitum
1270 2269 1338 2328 (cf.
1364 2275 1589 2326 Prolegom.
1614 2288 1651 2325 p.
1673 2269 1750 2327 42)

171 2334 408 2384 corruptum
433 2344 517 2372 esse
543 2332 757 2372 iudicaret:
789 2333 911 2373 immo
939 2334 989 2373 ad
1014 2334 1177 2374 Livium
1207 2334 1298 2373 illos
1325 2334 1452 2373 redire
1485 2337 1628 2374 notum
1659 2348 1749 2374 con-

171 2392 471 2444 clamatumque
504 2394 575 2432 est.
637 2393 692 2432 Et
723 2395 1015 2434 contaminasse
1048 2394 1358 2446 grammaticum
1390 2395 1638 2434 diversorum
1670 2408 1749 2433 me-

171 2452 343 2493 moriam
372 2453 489 2493 docet
519 2453 604 2503 ipse
636 2453 760 2505 locus,
793 2454 946 2493 scilicet
978 2454 1272 2493 Sallustianum
1303 2454 1537 2503 Spartacus,
1562 2456 1750 2503 princeps

168 2512 446 2562 yladfiatormn,
473 2525 648 2563 quocum
667 2514 849 2553 conferas
869 2514 1136 2553 Plutarchum
1154 2514 1179 2552 l.
1201 2527 1229 2553 s.
1250 2515 1287 2566 1.,
1314 2527 1406 2553 cum
1427 2515 1595 2553 alterius
1617 2514 1748 2553 suisve

170 2570 399 2622 Spmtaous,
430 2585 535 2612 uuus
567 2573 614 2611 de
644 2574 724 2612 illis
751 2576 816 2619 74,
848 2573 1075 2614 foedissime
1107 2574 1414 2614 consarcinavit.

289 2673 369 2720 91.
431 2674 621 2733 Ingens
652 2676 763 2732 ipse
795 2676 982 2745 virium
1013 2679 1167 2734 atque
1199 2677 1366 2720 animi.

290 2769 397 2815 App.
449 2769 637 2815 (11113D,
666 2769 1251 2817 10K‚85G‚1p.5033r.)—
1277 2772 1384 2807 Arus.
1412 2783 1447 2817 p.
1468 2775 1549 2807 480.

291 2845 459 2887 Comm.
522 2846 722 2893 Quoniam
753 2848 954 2888 simillime
986 2849 1205 2888 Sallustius
1231 2849 1507 2888 Mithridatem
1539 2849 1750 2900 descripsit
1804 2884 1809 2888 .

171 2900 240 2961 (cf.
271 2905 319 2946 fr.
350 2906 392 2946 H
419 2909 472 2946 74
501 2909 542 2946 et
571 2901 663 2961 77),
702 2908 752 2946 ad
790 2908 960 2947 eundem
997 2909 1121 2948 etiam
1151 2909 1226 2948 hoc
1256 2909 1531 2961 fragmentum
1569 2911 1748 2960 spectare

170 2965 284 3005 Kritz
308 2966 496 3019 coniecit,
529 2967 715 3017 equidem
739 2968 968 3018 putaverim
997 2982 1126 3019 neque
1155 2968 1393 3007 Sallustium
1419 2969 1516 3009 haec
1542 2969 1747 3020 repetiisse

1392 3035 1460 3070 10*
