2034 3184
339 196 426 237 212
871 172 874 175 ⁵
956 195 1154 241 Appendix
1178 196 1204 232 Ι.
1230 196 1273 232 11.

337 304 562 360 invenitur,
582 305 631 345 ut
644 302 811 345 Italiam
830 317 988 359 versus,
1012 302 1192 346 Galliam
1210 319 1369 360 versus,
1393 303 1695 359 Hispaniam
1717 319 1893 349 versus

338 374 659 416 ...Sallustius
685 377 827 416 tamen
854 374 982 416 etiam
1008 364 1372 431 praepositionem
1395 375 1433 418 ei
1453 375 1700 431 anteposuit
1717 375 1764 419 in
1782 374 1894 421 Gati-

334 444 502 487 linario'
523 448 632 500 [cap.
653 446 723 500 56,
741 446 801 501 4].
819 471 873 476 —
890 446 1035 488 Verba
1053 447 1313 501 Hispaniam
1331 461 1481 499 versas,
1507 461 1615 502 quae
1633 449 1734 503 post
1750 446 1892 492 locum

335 532 356 558 e
395 516 644 559 Catilinario
681 516 901 559 laudatum
938 517 983 560 in
1023 517 1241 560 codicibus
1277 519 1498 575 leguntur,
1534 533 1613 574 pro
1650 518 1892 577 fragmento

333 587 610 629 historiarum
647 586 798 629 habita
835 587 1005 643 quidem
1042 591 1160 643 sunt,
1204 589 1277 631 sed
1320 591 1434 631 recte
1472 603 1537 644 ea,
1580 589 1739 646 quippe
1781 604 1891 646 quae

333 658 481 714 inepta
512 673 561 701 eo
587 659 681 701 loco
708 662 849 701 essent
880 659 1175 715 contrariaque
1207 659 1342 715 ipsius
1368 659 1577 702 Prisciani
1602 660 1891 717 explicationi,

332 730 599 785 transposuit
630 730 773 772 Hertz.
1822 768 1826 773 ,,

449 800 544 843 Inc.
579 803 663 844 119
678 802 735 844 D:
773 802 1014 844 Arusianus
1043 817 1087 857 p.
1113 804 1211 855 451,
1253 805 1483 858 postquam
1520 802 1766 859 exemplum
1801 802 1889 847 Sal-

330 872 450 914 lustii
482 873 640 928 attulit,
673 873 734 914 ita
764 874 897 915 habet
928 873 988 914 ‘id
1013 876 1078 915 est
1104 874 1304 916 adversus
1329 874 1393 915 illi
1418 873 1675 917 nobilitatis'
1702 872 1783 932 (sic
1802 873 1890 932 N);

330 944 428 986 inde
460 959 482 986 e
513 944 793 986 Lindemanni
827 944 1069 987 coniectura
1107 944 1268 988 ‘idem:
1305 945 1547 988 adversus
1577 945 1669 988 ille
1698 945 1888 988 nobili-

329 1015 476 1057 tatis’
510 1015 718 1071 scriptum
756 1018 837 1072 est,
875 1030 982 1071 quae
1015 1015 1196 1059 Gerlach
1233 1019 1276 1058 et
1314 1016 1494 1059 Dietsch
1530 1016 1722 1060 Sallustii
1756 1017 1889 1060 verba

329 1101 420 1128 esse
452 1087 677 1142 putabant.
735 1086 841 1129 Cum
871 1102 971 1129 vero
1003 1090 1153 1142 aperta
1185 1087 1242 1129 sit
1274 1090 1372 1130 ante
1402 1089 1449 1131 id
1474 1092 1534 1131 est
1560 1087 1712 1131 lacuna
1741 1087 1888 1145 maior,

328 1161 473 1200 utrum
498 1173 558 1215 ea,
585 1173 692 1214 quae
722 1161 934 1215 secuntur,
959 1157 1161 1201 Arusiani
1187 1159 1380 1202 scholion
1404 1175 1459 1202 an
1482 1174 1641 1203 novum
1665 1159 1888 1216 scriptoris

329 1229 508 1271 alicuius
540 1229 785 1285 exemplum
817 1230 915 1286 sint,
946 1230 1278 1272 incertissimum
1310 1234 1385 1273 est.

443 1300 518 1342 Fr.
544 1299 564 1341 I
589 1302 647 1343 34
659 1300 716 1342 D:
747 1300 815 1342 Ex
840 1301 988 1343 scholio
1014 1303 1070 1343 ad
1092 1301 1190 1344 Luc.
1217 1302 1365 1344 1175:
1397 1302 1498 1357 equi
1524 1304 1746 1357 poterat,
1770 1302 1886 1358 plus

326 1371 454 1414 iuris
490 1371 679 1413 habere
711 1371 1004 1414 videbatur'
1041 1372 1157 1414 velut
1195 1372 1500 1415 Sallustianum
1536 1373 1825 1430 fragmentum
1856 1387 1887 1415 ¹a

327 1442 549 1485 Gerlachio
573 1457 621 1485 ac
640 1443 861 1486 Dietschio
886 1443 1048 1486 editum
1068 1447 1150 1501 est3
1175 1444 1261 1487 iam
1279 1459 1378 1487 vero
1397 1444 1519 1487 Kritz
1538 1444 1706 1488 cautius
1725 1447 1884 1502 egerat,

325 1514 398 1569 qui
430 1514 498 1556 his
529 1514 673 1556 verbis
704 1529 792 1557 non
822 1515 905 1557 nisi
943 1515 996 1557 ad
1026 1515 1076 1558 fr.
1101 1515 1121 1557 I
1149 1517 1202 1560 18
1235 1516 1419 1572 spectari
1452 1516 1764 1572 suspicabatur.
1823 1515 1884 1560 At

324 1586 399 1627 illa
433 1585 478 1627 in
509 1586 634 1628 libris
665 1586 791 1628 bonis
822 1586 1145 1629 adnotationum
1176 1587 1229 1629 ad
1259 1588 1478 1630 Lucanum
1508 1587 1678 1630 illarum
1708 1587 1889 1631 omnino

326 1657 478 1698 desunt
510 1660 638 1712 atque
670 1657 975 1700 hariolationes
1006 1661 1175 1700 tantum
1199 1659 1421 1701 novissimi
1447 1658 1626 1701 alicuius
1650 1658 1807 1702 codicis
1827 1684 1878 1691 -

325 1727 650 1783 Guelferbytani
683 1729 798 1784 apud
827 1729 1063 1772 Weberum
1096 1755 1151 1760 -—
1184 1730 1374 1785 putanda
1406 1733 1516 1773 sunt.

367 1817 371 1820 ·
440 1799 618 1843 1110.ssss
651 1798 818 1858 (54K):
864 1800 1107 1855 ‘Pyrrhus
1151 1801 1495 1857 interemptus
1538 1801 1638 1843 fuit
1675 1801 1727 1843 in
1762 1801 1881 1844 aede

321 1870 513 1913 Dianae
564 1886 588 1912 a
633 1871 846 1926 quadam
889 1872 1100 1914 muliere
1147 1872 1306 1930 Trogo,
1357 1872 1559 1915 Sallustio
1609 1875 1653 1915 et
1699 1872 1880 1916 Lucceio

321 1942 596 1984 auctoribus?

438 2013 534 2056 Inc.
565 2016 618 2057 87
653 2013 730 2072 (55
749 2013 826 2072 K):
878 2014 1182 2075 ‘Staphylus
1230 2015 1446 2071 primum
1495 2014 1670 2058 docuit
1710 2014 1880 2068 vinum

321 2100 450 2139 aqua
481 2085 696 2128 misceri.
760 2085 802 2128 C.
827 2086 992 2128 Plinius
1025 2089 1067 2128 et
1099 2086 1326 2129 Sallustius
1356 2089 1551 2129 auctores
1582 2085 1708 2129 sunt.'

436 2156 678 2213 Utrumque
723 2157 968 2213 exemplum
1011 2173 1036 2199 a
1076 2158 1250 2201 Caecilio
1293 2157 1368 2199 illo
1411 2157 1589 2212 Apuleio
1632 2157 1698 2200 ‘de
1735 2157 1876 2200 ortho-

319 2227 515 2284 graphia’
551 2228 770 2270 laudatum
807 2228 935 2271 nobis
966 2244 1078 2271 nunc
1109 2229 1379 2271 abiciendum
1417 2231 1499 2285 est,
1540 2243 1634 2271 cum
1671 2231 1880 2271 tractatus

318 2298 392 2340 ille
423 2299 474 2340 de
507 2299 818 2355 orthographia
850 2300 1035 2355 scriptus
1066 2300 1238 2343 falsario
1269 2299 1437 2342 novicio
1471 2325 1525 2330 —
1559 2299 1720 2342 scilicet
1744 2299 1881 2342 Ludo-

316 2370 409 2412 vico
449 2370 589 2412 Caelio
626 2371 900 2428 Rhodogim),
940 2372 1170 2427 professori
1207 2371 1451 2414 Ferrarensi
1491 2397 1544 2402 ———
1583 2371 1780 2427 debetur,
1822 2371 1875 2414 cf.

316 2442 490 2498 Madvig
521 2456 650 2495 opusc.
679 2442 712 2484 Ι
727 2457 770 2496 p.
798 2447 832 2494 1,
867 2442 1041 2485 Crusius
1074 2443 1223 2486 Philol.
1250 2446 1309 2485 47
1331 2458 1374 2497 p.
1401 2446 1497 2484 434.

1063 2636 1124 2685 II.

700 2716 770 2759 De
801 2715 1145 2770 orthographia
1177 2714 1484 2760 Sallustiana.

433 2798 623 2842 Sallustii
656 2798 858 2841 historias
889 2799 1078 2841 edituros
1109 2799 1223 2841 haud
1254 2798 1409 2856 exigua
1445 2798 1582 2855 agitat
1613 2811 1713 2839 cura
1743 2810 1868 2852 quae-

315 2874 468 2927 rentes,
500 2885 683 2927 quanam
707 2871 936 2912 verborum
961 2884 1247 2926 sonorumque
1272 2870 1408 2912 forma
1433 2868 1660 2911 Sallustius
1684 2867 1868 2910 edendus

314 2942 387 2998 sit3
417 2957 555 2997 neque
587 2957 896 2998 supervacuum
928 2944 992 2984 est
1023 2941 1068 2983 in
1093 2941 1218 2984 hasce
1247 2957 1314 2983 res
1339 2940 1570 2996 inquirere:
1601 2938 1763 2981 scilicet
1793 2938 1867 2995 qui
