1976 3190
294 174 378 218 164
769 142 923 211 salusa
947 172 1196 212 Historiarum
1221 173 1285 213 nb.
1306 151 1388 212 1v.'

414 281 488 327 14.
551 282 724 326 Scalas
755 298 905 339 pares
934 284 1184 328 moenium
1216 284 1503 327 altitudine.

408 377 512 422 App.
564 376 627 422 (IV
648 379 692 411 55
702 376 746 421 D,
775 381 818 411 14
828 376 872 422 Κ,
898 381 942 413 37
954 377 996 422 Gr,
1022 379 1056 413 H
1075 390 1108 423 p.
1129 382 1198 414 457
1210 379 1346 423 Br.)1—
1368 378 1474 413 Arus.
1494 389 1529 423 p.
1549 380 1634 414 500:
1662 377 1749 414 ‘Par
1770 377 1842 415 hae

291 435 339 459 re.
387 423 459 459 Sal.
487 424 573 459 hist.
594 423 658 458 IV’
687 434 717 459 e.
739 435 773 468 q.
796 436 823 460 s.

354 554 359 558 .
409 499 574 539 Oomm.
626 500 756 539 Verba
786 514 864 540 non
889 501 930 539 in
957 502 1327 553 Tigranocertorum
1354 502 1506 541 aliusve
1530 502 1692 542 illarum
1715 503 1843 555 regio-

290 572 387 597 num
418 559 554 609 oppidi
585 561 876 610 expugnatione
913 561 1017 599 lecta
1054 573 1137 600 esse
1156 570 1221 587 ’-
1259 561 1366 611 quod
1395 561 1506 599 Kritz
1536 561 1757 601 coniecerat
1789 582 1840 589 --

290 631 310 656 e
330 618 537 657 Memnone
563 631 594 657 0.
614 620 668 658 45
703 619 842 670 elucet,
877 633 954 669 quo
986 621 1071 659 loco
1098 620 1279 670 sequitur
1304 619 1420 658 scalis
1446 620 1497 658 ad
1520 632 1654 660 muros
1679 621 1843 664 adiectis

290 679 449 727 captam
489 679 576 716 tum
616 690 699 716 esse
736 679 930 717 Amisum.
998 679 1183 718 Ceterum
1222 681 1424 718 altitudine
1462 692 1540 718 non
1577 680 1843 731 antiquiorem

290 736 415 776 dativi
446 734 629 776 formam*
646 737 789 776 habere
821 738 914 777 licet
948 732 1074 790 (quod
1105 738 1223 777 iussit
1253 740 1410 788 praeter
1440 738 1688 778 Dietschium
1716 752 1843 790 nuper

289 795 418 834 Kraut
433 809 566 845 proyr.
580 797 866 835 Blanbenrensi
885 799 981 835 anni
1006 799 1103 835 1881
1123 811 1160 847 p.
1179 792 1236 849 8),
1263 798 1330 836 sed
1356 798 1576 837 ablativum
1596 793 1698 850 (sive
1715 798 1842 840 mavis

290 850 653 909 instrumentalem)
685 869 776 894 eum
806 869 895 894 cum
928 856 1126 895 Arusiano
1157 857 1405 906 interpretor.

409 956 484 1002 15.
545 958 670 1009 Quia
713 959 1046 1014 praedatores
1090 958 1292 1001 facibus
1335 959 1437 1002 sibi
1479 959 1840 1016 praelucentes

290 1030 551 1071 ambustas
583 1029 634 1071 in
665 1030 820 1072 tectis
851 1030 959 1072 sine
992 1045 1109 1072 cura
1139 1030 1472 1085 reliquerant.

406 1123 512 1168 App.
563 1123 626 1168 (IV
645 1127 690 1157 43
704 1123 748 1167 D,
774 1127 818 1158 69
832 1123 876 1168 Κ,
905 1126 947 1158 75
962 1122 1019 1169 G.)
1043 1145 1090 1149 —
1114 1123 1220 1159 Arus.
1246 1136 1281 1169 p.
1303 1127 1381 1159 503.
1407 1125 1419 1167 11
1443 1123 1548 1171 quia]
1576 1124 1641 1170 qui
1666 1125 1723 1170 N,
1753 1125 1843 1170 quia

288 1181 377 1205 corr.
405 1171 479 1205 iam
504 1172 613 1206 codex
639 1170 836 1214 Leidensis,
862 1182 976 1215 quum
1001 1171 1247 1215 Lindemann,
1272 1182 1368 1215 quae
1395 1172 1489 1207 Keil.
1515 1193 1559 1198 —-
1585 1173 1841 1220 praedatores]

287 1219 454 1263 pretores
474 1218 524 1262 N,
544 1229 633 1253 corr.
655 1218 792 1253 Linker
810 1223 843 1253 et
862 1219 1030 1264 Wayner.
1050 1239 1097 1244 ——
1115 1219 1306 1253 ambustas
1326 1218 1365 1252 in
1383 1218 1510 1266 tectis]
1530 1219 1711 1255 ambustis
1731 1219 1847 1258 tectis.

288 1266 379 1300 coni.
402 1265 499 1309 Keil,
518 1266 579 1300 sed
597 1266 772 1301 ambustis
790 1266 890 1301 tectis
909 1267 1084 1311 quidnam
1102 1271 1303 1302 nocuerunt
1319 1267 1417 1310 faces
1436 1279 1459 1302 a
1477 1267 1654 1303 militibus
1670 1267 1841 1304 relictae?

407 1341 435 1379 O
445 1355 466 1380 o
474 1356 570 1380 mm.
623 1342 685 1379 Ad
709 1342 837 1380 Amisi
868 1342 1203 1394 expugnationem
1227 1343 1512 1393 Plutarchique
1543 1356 1628 1394 cap.
1651 1347 1671 1382 1
1679 1346 1702 1383 9
1734 1343 1841 1396 frag-

287 1402 467 1439 mentum
497 1401 773 1440 collocandum
809 1414 891 1440 esse
929 1404 1102 1453 constat,
1140 1402 1206 1440 cf.:
1243 1401 1370 1440 πάντα
1399 1400 1472 1454 γὰρ
1502 1400 1572 1450 ἐξε
1582 1417 1604 1453 ρ
1611 1416 1629 1442 ε
1636 1417 1661 1441 υ
1669 1417 1692 1442 ν
1699 1407 1730 1441 ὤ
1737 1417 1789 1442 ντ
1796 1416 1814 1442 ε
1822 1418 1842 1450 ς

287 1458 377 1499 ὑπὸ
409 1459 596 1511 λαμπάδ
607 1475 668 1499 ων
698 1459 764 1499 καὶ
795 1466 993 1513 πανταχοῦ
1021 1467 1088 1511 φῶ
1100 1477 1117 1507 ς
1143 1458 1453 1514 ἐπιφέροντες
1478 1460 1590 1501 αὐτοὶ
1615 1459 1659 1500 τὰ
1684 1463 1841 1501 πλεῖστα

285 1524 363 1558 τῶν
395 1519 618 1571 οἰκημάτων
652 1522 852 1559 καθεῖλον.

407 1621 481 1666 16.
556 1622 708 1672 Quasi
758 1638 849 1678 par
898 1622 949 1664 in
997 1622 1188 1678 oppido
1243 1623 1514 1666 festinat-io
1564 1626 1613 1666 et
1661 1623 1841 1681 ingens

284 1696 453 1736 terror
484 1697 610 1744 erat,
646 1709 705 1736 ne
744 1709 801 1736 ex
832 1694 994 1736 latere
1031 1709 1160 1736 nova
1197 1694 1509 1736 munimenta
1539 1694 1738 1737 madore
1768 1695 1840 1738 in-

285 1765 634 1820 firmarentur;
665 1780 777 1807 nam
809 1764 973 1807 omnia
1006 1764 1183 1819 oppidi
1216 1765 1529 1821 stagnabant
1560 1765 1839 1808 redundan-

284 1836 427 1878 tibus
458 1836 648 1878 cloacis
679 1836 891 1878 adverso
923 1838 1068 1877 aestu
1101 1835 1263 1877 maris.

402 1940 506 1986 App.
546 1941 610 1986 (ΙΙΙ
621 1945 665 1975 26
675 1941 720 1985 D,
734 1941 777 1985 K,
792 1944 836 1974 53
845 1939 887 1985 G,
901 1940 979 1985 Hp.
990 1943 1056 1975 105
1068 1939 1344 1985 Br.)—Nonius
1358 1940 1391 1974 ΙΙ
1403 1952 1438 1985 p.
1455 1943 1533 1975 138.
1545 1961 1588 1966 —
1602 1939 1838 1976 PriscianVI

284 1988 330 2033 (II
355 2001 389 2033 p.
418 1991 515 2034 235):
557 1988 801 2024 ‘munimenta
836 1987 989 2023 madore
1019 1987 1320 2023 infirmarentur?
1360 2009 1404 2012 —
1441 1987 1666 2041 Excerptum
1697 1986 1836 2023 Charis

282 2035 466 2071 Bobiense
487 2036 515 2081 (Ι
533 2048 567 2081 p.
584 2038 682 2080 352):
711 2035 856 2070 ‘mador
877 2033 1045 2081 ὑγρασία,
1071 2037 1113 2069 ut
1133 2034 1331 2070 Sallustius
1356 2034 1396 2069 in
1414 2034 1616 2070 Historiis.'
1638 2055 1685 2060 -
1707 2032 1837 2070 histor.

282 2083 347 2118 lib.
368 2083 419 2118 IV
444 2084 601 2127 Nonius,
628 2082 827 2118 Sallustius
852 2082 893 2117 in
917 2082 985 2117 ΙΙΠ
1010 2081 1251 2117 historiarum
1276 2082 1503 2126 Priscianus,
1531 2081 1596 2118 lib.
1616 2082 1668 2116 111
1684 2082 1801 2129 vulgo.
1827 2083 1839 2119 1³

283 2130 406 2176 quasi]
433 2130 554 2165 evasit
571 2132 626 2166 vel
645 2130 750 2175 queis
769 2131 861 2166 coni.
881 2130 926 2166 L.
942 2130 1089 2166 Muller.
1110 2150 1158 2155 —
1176 2129 1329 2176 cloacis]
1350 2129 1489 2165 cluacis
1509 2129 1604 2174 LH,
1628 2129 1672 2166 L.
1688 2129 1836 2166 Mamer.

402 2207 564 2245 Oomm.
626 2208 764 2256 Inepte
801 2207 902 2257 hanc
940 2219 1023 2245 rem
1059 2206 1102 2244 in
1134 2206 1266 2256 Cyzici
1304 2206 1505 2245 obsidione
1543 2205 1730 2245 accidisse
1759 2205 1837 2244 De-

282 2266 431 2305 brossio
459 2269 620 2305 auctore
647 2279 781 2305 omnes
807 2266 936 2304 adhuc
963 2266 1133 2304 editores
1160 2267 1440 2316 autumarunt3
1466 2277 1566 2315 quos
1590 2264 1704 2315 sequi
1727 2265 1836 2304 veta-

282 2338 372 2363 mur
401 2325 493 2363 libri
523 2338 688 2364 numero
715 2325 764 2363 ab
790 2326 960 2375 utroque
987 2325 1246 2376 grammatico
1273 2324 1514 2363 confirmato.
1563 2324 1702 2374 Neque
1728 2323 1834 2374 quis-

282 2397 405 2434 quam
436 2385 594 2424 omnino
627 2384 865 2434 scriptorum
896 2384 1065 2422 similem
1102 2397 1185 2423 rem
1216 2384 1324 2434 apud
1356 2383 1540 2434 Cyzicum
1571 2384 1720 2422 factam
1751 2394 1834 2422 esse

280 2444 448 2494 rettulit,
481 2457 528 2482 ne
554 2443 730 2493 Appiani
762 2443 921 2493 quidem
946 2456 977 2481 0.
1006 2444 1071 2494 74,
1104 2443 1210 2493 quod
1240 2444 1332 2493 post
1362 2445 1511 2482 eeteros
1542 2442 1683 2480 laudat
1713 2441 1835 2481 etiam

280 2516 384 2542 nunc
409 2503 435 2541 J
437 2508 555 2554 firges
585 2516 622 2552 p.
651 2504 717 2553 57,
749 2502 913 2540 minima
938 2503 984 2540 de
1010 2502 1083 2540 tali
1110 2502 1368 2541 inundatione
1393 2514 1472 2541 vox
1495 2503 1564 2540 est.
1615 2501 1672 2540 At
1699 2503 1834 2551 aperte
1881 2532 1883 2534 v

281 2562 416 2614 agitur
440 2563 488 2601 de
514 2562 659 2612 oppido
686 2562 737 2599 ad
761 2574 869 2599 mare
896 2562 971 2600 sito
999 2561 1253 2612 obsessoque3
1280 2574 1326 2600 ae
1352 2561 1540 2611 quoniam
1563 2561 1685 2599 etiam
1708 2560 1836 2599 maior

280 2623 408 2660 terror
447 2621 717 2660 obsidentibus
754 2620 932 2671 inicitur,
969 2621 1233 2672 intelligimus
1271 2621 1394 2659 classe
1425 2620 1594 2659 maxime
1626 2631 1692 2658 eos
1719 2619 1835 2674 >oppi-

280 2681 376 2719 dum
398 2681 501 2718 illud
527 2692 769 2731 oppugnare,
800 2692 974 2729 namque
1000 2682 1106 2718 terra
1131 2682 1264 2718 aestus
1289 2679 1357 2718 ille
1382 2679 1448 2718 vix
1474 2679 1570 2718 adeo
1597 2690 1663 2717 eos
1687 2680 1833 2717 terrere

280 2740 423 2789 potuit.
491 2740 568 2778 Res
606 2739 732 2790 igitur
769 2739 810 2776 in
849 2738 1061 2777 obsidenda
1099 2739 1217 2778 Ponti
1253 2738 1349 2777 urbe
1387 2738 1524 2788 aliqua
1560 2737 1708 2788 evenit,
1751 2726 1847 2776 veri’

280 2791 478 2837 simillime
524 2801 659 2837 autem
703 2798 809 2847 apud
846 2798 1097 2848 Heracleam,
1142 2811 1262 2848 quam
1306 2810 1451 2849 magna
1494 2798 1617 2836 classe
1655 2796 1832 2852 Triarius

280 2858 542 2897 circumsedit.
594 2857 768 2907 Accedit,
802 2857 908 2907 quod
939 2859 1154 2906 tempestas
1179 2858 1260 2907 illa,
1293 2857 1326 2895 si
1361 2857 1519 2907 quidem
1550 2858 1678 2894 terrae
1707 2856 1832 2906 motu,

279 2919 326 2954 ut
362 2918 537 2967 videtur,
575 2919 772 2955 commota
803 2918 880 2967 est,
917 2929 1006 2954 vere
1039 2917 1132 2953 anni
1166 2919 1213 2954 71
1253 2916 1411 2966 accidit,
1449 2916 1522 2954 hoc
1551 2926 1644 2955 vero
1675 2916 1833 2964 tempus
