1916 3178
872 134 1161 175 *68-

241 235 331 277 eius
362 239 558 278 narratus
590 240 698 292 erat,
729 237 878 280 deinde
910 253 959 280 ea
990 254 1012 280 e
1043 254 1087 280 re
1119 238 1274 294 elucet,
1305 238 1420 293 quod
1450 238 1488 280 is
1518 239 1592 295 qui
1616 238 1795 285 Servilio

241 307 492 348 succedebat
523 307 568 349 L.
602 306 802 351 Octavius
847 324 957 351 anno
995 310 1166 351 demum
1199 311 1255 352 74
1299 308 1492 351 Ciliciam
1534 310 1796 365 provinciam

241 378 419 432 adeptus
463 381 544 433 est3
590 378 734 434 itaque
772 379 808 421 si
854 383 1061 422 aestatem
1101 380 1199 422 anni
1243 381 1298 423 74
1343 378 1499 422 reditui
1539 379 1707 424 Servilii
1740 386 1796 425 {ao

240 448 457 504 triumpho
483 449 644 492 Romae
675 450 824 492 habito
856 450 1113 506 tribuamus,
1145 466 1197 492 en
1221 450 1429 492 habemus
1460 450 1797 507 quinquennium

240 519 346 560 illud
379 518 604 562 Ciceronis.
652 520 803 599 Neque
835 536 933 564 vero
967 521 1158 564 Ciceroni
1190 521 1476 577 contradicere
1506 524 1612 578 puto
1642 522 1796 566 Eutro-

239 590 370 645 pium,
402 591 558 647 quippe
591 591 665 647 qui
695 592 758 634 nil
782 592 865 634 nisi
897 595 1148 635 terrestre
1180 592 1341 634 bellum
1367 593 1567 636 adversus
1590 592 1796 640 Isamos

239 664 411 717 gestum
443 662 684 719 significare
715 664 822 705 mihi
854 663 1059 706 videatur.

357 733 549 776 Primum
594 734 729 791 igitur
769 734 973 777 Servilius
1017 735 1196 777 classem
1234 734 1497 790 praedonum
1536 734 1631 778 loco
1670 699 1796 779 nobis

238 803 410 859 quidem
441 804 590 862 ignoto
616 820 702 848 non
727 806 949 847 incruenta
974 805 1151 848 victoria
1176 805 1354 862 fugavit.
1367 804 1399 862 ¹)
1448 804 1612 848 Deinde
1636 805 1798 862 oppida.

238 875 350 930 cepit
381 875 615 930 piratarum
647 876 691 918 in
722 877 847 918 litore
878 876 1031 931 Lyciae
1070 892 1117 918 ac
1147 876 1424 932 Pamphyliae
1457 876 1556 934 sita3
1587 892 1610 919 e
1641 876 1798 934 quibus

237 946 423 1001 primum
463 946 730 1002 Olympum
768 947 1046 1003 expugnavit,
1087 947 1161 988 ubi
1199 946 1418 989 Zenicetes
1449 947 1534 989 dux
1569 950 1798 1004 postquam

237 1018 397 1060 frustra
441 1018 663 1060 castellum
707 1021 980 1074 montemque
1024 1017 1212 1060 defendit
1250 1033 1341 1060 sese
1379 1016 1661 1076 conbussit²);
1698 1018 1797 1062 exin

239 1088 504 1144 Corycum,
547 1089 824 1145 Phaselim,
867 1087 1195 1145 Attaleiamf‘)
1239 1091 1483 1145 ceterasque
1519 1089 1796 1146 Pamphyliae

239 1160 366 1202 urbes
404 1160 595 1202 subiecit.
666 1160 874 1215 Corycum
912 1163 1055 1202 autem
1092 1160 1137 1202 in
1173 1160 1302 1215 Lycia
1340 1160 1470 1202 situm
1506 1163 1609 1203 tunc
1640 1175 1796 1218 expug-

236 1234 386 1273 natum
419 1246 510 1273 esse
543 1235 584 1273 et
617 1247 638 1273 e
677 1235 769 1273 tota
800 1246 943 1274 rerum
974 1231 1220 1274 condicione
1258 1234 1301 1273 et
1332 1246 1354 1273 e
1385 1230 1526 1274 verbis
1556 1230 1797 1274 Strabonis:

243 1304 411 1346 Τούτου
454 1302 494 1345 δ’
529 1299 585 1358 ἦν
622 1301 694 1346 καὶ
734 1304 757 1346 ὁ
790 1291 1002 1358 Κώρχυκος
1037 1301 1110 1345 καὶ
1140 1302 1166 1357 ἡ
1201 1303 1397 1357 Φάσηλις
1429 1301 1501 1345 καὶ
1538 1303 1679 1346 πολλὰ
1708 1309 1797 1346 τῶν

237 1375 499 1429 Παμφύλων
536 1377 692 1430 χωρία·
735 1375 876 1417 πάντα
915 1372 955 1417 δ’
998 1369 1112 1416 εἷλεν
1151 1374 1174 1416 ὁ
1209 1372 1449 1430 Ἰσαυρικός
1473 1363 1648 1416 ‘elucere
1678 1375 1797 1430 puto,

236 1459 373 1500 neque
411 1445 559 1486 debuit
595 1443 862 1501 Drumami4)
899 1445 981 1486 hoc
1019 1445 1222 1500 oppidum
1265 1444 1521 1486 confundere
1557 1458 1655 1486 cum
1691 1443 1796 1486 cele-

237 1515 421 1557 berrima
459 1515 630 1557 Ciliciae
675 1516 749 1557 illa
788 1515 893 1557 urbe
934 1530 1061 1570 specu
1105 1516 1268 1557 famoso
1305 1517 1419 1557 nota.
1458 1539 1514 1545 —
1549 1513 1796 1570 Insequenti

238 1586 434 1642 deinceps
478 1586 662 1628 triennio
707 1585 934 1644 (77—75)
978 1589 1178 1628 terrestre
1222 1586 1357 1642 gessit
1401 1585 1605 1628 Servilius
1647 1587 1796 1628 contra

238 1657 389 1699 Cilices
435 1660 477 1699 et
515 1657 683 1700 Isauros
722 1658 893 1699 bellum.
962 1657 1026 1699 Ac
1057 1657 1242 1713 primum
1275 1654 1505 1713 Ciliciamf‘)
1534 1670 1707 1712 pacasse
1737 1656 1795 1699 vi-

237 1728 372 1783 detur,
398 1729 471 1770 ubi
499 1729 627 1770 etiam
653 1729 705 1770 ad
732 1729 935 1784 oppidum
962 1728 1170 1783 Corycum
1196 1743 1293 1770 eum
1318 1728 1484 1770 venisse
1509 1742 1532 1769 e
1551 1725 1795 1784 Sallusti0⁸)

236 1799 444 1855 sequitur3
483 1800 632 1841 deinde
670 1815 745 1855 per
781 1800 967 1841 Taurum
1005 1800 1050 1841 in
1080 1799 1249 1841 Isauros
1287 1796 1549 1855 profectus⁷)
1585 1797 1799 1854 Oroanda,

357 1991 389 2033 1)
417 1988 469 2024 Cf.
496 1988 593 2023 Flor.
619 1988 635 2022 I
661 1992 718 2032 41,
745 1993 776 2023 4.

355 2051 392 2092 2)
419 2048 551 2083 Strabo
578 2048 620 2083 fr.
648 2052 728 2083 96²².

353 2109 389 2151 3)
415 2106 468 2141 Cf.
489 2106 585 2142 Flor.
605 2106 629 2142 l.
644 2106 687 2150 1.;
714 2106 816 2143 Eutr.
831 2105 881 2142 VI
901 2110 939 2150 33
961 2106 1064 2142 Oros.
1079 2105 1112 2141 V
1127 2109 1183 2150 23,
1203 2110 1265 2149 223
1286 2105 1496 2141 Ps.-Ascon.
1516 2117 1553 2151 p.
1570 2109 1654 2150 1⁷33
1675 2103 1790 2142 schol.

234 2164 343 2201 Gron.
370 2178 405 2210 p.
427 2170 511 2209 4043
540 2165 614 2201 Cic.
641 2166 687 2200 de
711 2165 783 2210 leg.
811 2176 887 2210 agr.
914 2165 930 2199 I
956 2169 993 2209 ὅς
1019 2164 1110 2200 ibid.
1138 2165 1171 2199 ΙΙ
1197 2168 1252 2200 50.

351 2228 387 2269 4)
414 2224 465 2260 IV
486 2229 570 2268 397;
597 2225 688 2260 item
708 2224 857 2260 Jordan.
898 2224 970 2259 Sed
995 2225 1138 2259 rectum
1158 2223 1234 2258 iam
1253 2223 1461 2258 Mommsen
1486 2223 1696 2269 suspicatus
1721 2225 1788 2259 est.

233 2283 435 2328 Eutropius
463 2294 547 2319 vero
580 2295 663 2318 cum
695 2282 803 2318 dicit:
844 2283 898 2317 ‘Is
926 2282 1095 2318 Ciliciam
1127 2281 1293 2327 subegit,
1330 2282 1494 2326 Lyciae
1525 2282 1635 2318 urbes
1660 2283 1788 2318 claris-

234 2343 347 2378 simas
385 2342 618 2388 oppugnavit
654 2344 692 2377 et
727 2342 845 2388 cepit:
880 2341 926 2376 in
963 2341 1034 2375 his
1066 2341 1283 2385 Phaselida,
1319 2340 1533 2387 Olympum,
1572 2333 1788 2388 Corycuni

234 2401 465 2447 Ciliciae',
498 2401 570 2437 sibi
599 2401 679 2446 ipse
706 2400 946 2444 contradicit,
980 2412 1093 2444 quare
1127 2412 1209 2435 cum
1235 2399 1401 2435 Grunero
1426 2411 1555 2436 vocem
1589 2399 1785 2436 ‘Ciliciae’

233 2461 419 2507 glossema
442 2460 613 2506 ineptum
637 2471 820 2496 removeo.

352 2522 389 2567 5)
414 2519 466 2556 Cf.
487 2519 672 2555 Velleium
697 2520 731 2553 II
757 2524 818 2555 39:
858 2518 1050 2554 ‘Ciliciam
1081 2518 1295 2563 perdomuit
1324 2518 1546 2553 Isauricus’·
1537 2533 1547 2563 ;
1581 2517 1703 2555 Eutr..
1731 2517 1786 2553 ‘Is

233 2579 404 2614 Ciliciam
430 2578 605 2625 subegit?

353 2642 388 2685 6)
415 2638 468 2674 Cf.
490 2638 578 2674 Sall.
609 2637 652 2672 fr.
674 2638 754 2672 180
786 2637 900 2682 (quod
927 2636 1079 2681 quidem
1105 2636 1243 2672 iniuria
1267 2636 1388 2682 primo
1414 2635 1509 2676 libro
1535 2634 1785 2681 attribuitur):

235 2700 330 2734 ‘Iter
355 2697 470 2733 vertit
499 2697 547 2732 ad
573 2696 752 2741 Corycum
777 2696 908 2731 urbem
932 2695 1114 2731 inclutam
1148 2707 1260 2740 specu
1292 2697 1405 2740 atque
1437 2705 1603 2740 nemore,
1638 2694 1678 2729 in
1711 2705 1784 2739 quo

233 2768 380 2792 crocum
405 2756 599 2802 gignitur.’

352 2819 387 2861 7)
414 2816 466 2851 Cf.
490 2815 592 2851 Oros.
613 2815 635 2851 1.
657 2815 699 2850 1.:
727 2814 855 2850 ‘Tauri
880 2824 1027 2859 quoque
1047 2813 1184 2850 montis
1203 2815 1324 2850 latera
1342 2813 1382 2848 in
1401 2811 1571 2847 Ciliciam
1591 2811 1786 2858 vergentia

233 2875 489 2920 perscrutatus
514 2875 661 2909 Isauros
685 2874 787 2909 bello
812 2874 951 2909 fractos
976 2872 1016 2907 in
1041 2872 1226 2908 dicionem
1250 2871 1423 2917 redegit.’
