1976 3190
741 163 981 212 Fragmenta
1006 169 1133 202 6—13.
1642 165 1732 208 ²163

282 273 359 322 ll.
420 275 484 320 Et
527 275 723 320 reversi
773 278 982 331 postero
1028 275 1108 318 die
1151 275 1330 333 multa,
1381 290 1506 332 quae
1550 290 1732 332 prope-

154 351 334 397 rantes
365 348 701 392 deseruerant
731 347 782 390 in
821 347 1025 403 castris,
1062 348 1222 405 nacti,
1266 363 1373 390 cum
1415 364 1466 391 se
1502 348 1579 392 ibi
1615 347 1733 391 vino

159 419 241 464 cib
253 435 382 478 oque
412 420 540 464 laeti
572 420 870 463 invitarent.

254 514 362 561 App.
413 514 479 560 <IV
497 513 583 559 41),
616 517 660 549 26
675 513 719 558 K,
746 512 830 558 6Gr,
863 513 898 547 Π
922 525 956 558 p.
979 516 1048 548 308
1064 513 1138 553 Β1.)
1171 535 1216 539 -
1248 514 1393 550 Nonius
1420 514 1471 550 IV
1496 527 1530 561 p.
1553 516 1671 560 321.]1
1695 516 1735 550 et

159 562 316 610 reversi]
342 564 382 598 et
406 562 504 598 versi
535 563 656 606 codd„
686 573 777 598 corr.
801 562 968 606 Dietsch,
998 561 1139 596 reversi
1171 564 1250 607 (om.
1278 564 1328 607 et)
1354 563 1503 598 me'us.
1536 584 1582 588 —-
1613 561 1734 597 multa

159 610 274 658 quae]
299 609 494 656 multoque
519 611 621 647 codd.
648 631 694 636 —
720 608 808 645 vino
834 608 1010 656 ciboque]
1036 609 1122 644 cibo
1148 609 1309 655 vinoque
1337 611 1415 646 LG
1439 612 1556 657 vulyo.

279 686 451 728 Comm.
500 687 650 727 Milites
669 687 852 739 victores,
878 686 949 737 qui
968 687 1109 726 castris
1135 687 1315 726 hostium
1341 688 1462 738 potiti
1480 690 1564 728 tam
1591 689 1736 727 acriter

160 759 228 788 eos
269 748 469 799 persecuti
513 749 623 800 sunt,
666 749 715 786 ut
758 747 966 786 thesauros
1011 747 1227 798 arripiendi
1267 749 1428 798 tempus
1474 748 1523 787 iis
1571 749 1736 799 deesset,

159 807 281 848 iidem
317 821 412 847 vero
450 809 591 858 postea
627 807 838 846 laetissimi
875 807 1000 857 copiis
1037 807 1214 846 hostium
1251 809 1429 860 utenteS,
1475 808 1566 847 dein
1604 810 1735 847 castra

159 867 234 907 11111,
263 867 429 919 divitiis,
461 869 510 906 ut
539 867 710 919 videtur,
743 867 948 918 copiisque
980 868 1111 919 plena,
1142 867 1291 906 milites
1323 880 1416 907 vero
1446 868 1533 908 cibo
1560 868 1734 918 vinoque

159 927 242 967 iam
273 927 344 966 diu
375 930 556 980 egentes:
588 927 722 967 omnia
754 940 844 966 cum
876 927 1046 967 victoria
1072 926 1277 967 Cabirensi
1309 929 1458 979 optime
1490 930 1735 980 congruunt,

161 999 255 1028 sane
286 989 376 1026 tum
407 987 723 1038 diripiendorum
754 990 978 1027 castrorum
1008 989 1250 1038 potestatem
1282 988 1479 1027 militibus
1511 1002 1535 1027 a
1563 989 1735 1027 Lucullo

160 1047 312 1087 factam
348 1059 432 1087 esse
471 1061 491 1086 e
523 1047 741 1087 Plutarcho
781 1047 937 1087 scimus.
1002 1047 1185 1094 Quonam
1223 1061 1316 1088 vero
1355 1050 1593 1101 argumento
1633 1061 1737 1088 com-

159 1107 262 1149 moti
293 1107 465 1148 editores
497 1107 692 1160 fugitivos
724 1107 852 1147 dictos
884 1120 968 1146 esse
1001 1108 1156 1158 opinati
1188 1108 1279 1160 sint,
1312 1109 1455 1149 nescio.

282 1209 391 1257 12⁴².
440 1211 627 1254 Tenuit
651 1211 904 1255 Lucullus
936 1212 1228 1268 thesauros,
1260 1213 1524 1256 custodias
1555 1212 1738 1270 regias.

280 1305 388 1352 App.
440 1305 506 1351 <IV
523 1310 568 1342 47
583 1306 627 1351 D,
655 1306 734 1352 5K,
760 1311 805 1342 42
822 1306 878 1352 G.)
905 1328 951 1332 -—
976 1305 1142 1352 Pompei.
1170 1317 1301 1342 comm.
1322 1306 1415 1342 Don.
1445 1301 1492 1351 (V
1515 1319 1551 1352 p.
1578 1308 1671 1351 180).
1693 1328 1740 1333 —

329 1353 400 1390 Ars
426 1365 600 1400 anonym.
626 1355 802 1390 Bel-nens.
831 1354 930 1399 (VIII
955 1366 990 1399 p.
1013 1357 1083 1399 94).

282 1430 448 1471 Comm.
512 1431 612 1471 Mire
637 1432 785 1484 Jurges
816 1446 854 1483 p.
884 1435 939 1471 80
970 1432 1092 1471 verba
1124 1444 1147 1470 a
1173 1432 1364 1482 Pompeio
1397 1433 1524 1471 allata
1554 1446 1634 1472 non
1666 1445 1738 1483 pro

161 1490 357 1542 peculiari
399 1491 626 1544 fi'agmento
670 1492 830 1543 habuit,
876 1492 960 1543 sed,
1011 1505 1103 1531 cum
1147 1488 1210 1530 ‘ex
1252 1492 1446 1532 memoria
1490 1495 1563 1531 aut
1606 1493 1739 1544 negle-

161 1547 317 1604 genter’
347 1551 516 1590 laudata
547 1554 689 1604 essent,
721 1553 871 1603 partim
897 1552 948 1591 ad
982 1552 1155 1591 alterum
1186 1552 1459 1604 fragmentum
1491 1547 1558 1607 (fr.
1579 1553 1641 1591 HI
1662 1547 1738 1606 58)

161 1611 372 1663 pertinere,
397 1611 549 1662 partim
570 1612 620 1651 ab
646 1613 732 1663 ipso
759 1612 1021 1664 grammatico
1049 1612 1142 1651 ficta
1168 1624 1251 1651 esse
1279 1613 1495 1652 contendit.
1551 1613 1606 1651 At
1632 1613 1740 1663 quod

163 1670 214 1710 ab
244 1671 316 1711 illo
348 1671 596 1724 argumentis
624 1686 703 1712 non
733 1672 902 1723 prolatis
934 1672 1087 1711 iactum
1119 1674 1191 1723 est,
1223 1673 1400 1712 refutare
1433 1686 1513 1713 non
1539 1673 1739 1725 cogimur,

163 1742 258 1771 sane
289 1731 460 1784 legimus
493 1732 632 1772 eadem
662 1732 759 1772 haec
790 1732 913 1772 verba
951 1732 1149 1771 translata
1181 1732 1304 1771 etiam
1337 1733 1445 1783 apud
1476 1733 1739 1772 Plutarchum

162 1790 259 1831 Luc.
283 1803 316 1831 6.
346 1793 423 1831 18:
453 1792 690 1845 θησαυρούς
721 1806 759 1832 τε
791 1792 984 1846 μεγάλους
1015 1787 1104 1844 εὗρε
1135 1790 1202 1831 καὶ
1234 1791 1491 1846 δεσμωτήρια.

286 1881 362 1929 13.
429 1882 764 1940 Amisumque
805 1884 1023 1927 assideri
1069 1884 1179 1927 sine
1220 1885 1439 1940 proeliis
1484 1884 1741 1928 audiebat.

167 1977 349 2074 asemel-15>
354 1977 502 2062 abffiz
503 1978 720 2063 ὲΞὲΚιΚ
747 1978 847 2024 4461,
874 1979 908 2014 11
926 1991 960 2025 p.
977 1983 1047 2015 455
1058 1979 1133 2025 ΒΓ)
1154 2001 1196 2005 -
1217 1979 1398 2016 Priscian
1414 1979 1607 2026 V111<11p
1623 1982 1717 2026 435)
1732 1980 1743 2027 3

284 2101 452 2144 Gomm.
502 2104 778 2144 Mithridatem
805 2105 1024 2153 subaudiri,
1058 2105 1165 2156 quod
1190 2106 1403 2145 Debrossio
1431 2108 1592 2145 auctore
1618 2106 1741 2158 vulgo

164 2165 345 2215 putatur,
378 2164 595 2204 admodum
625 2164 817 2205 dissimile
848 2165 934 2204 veri
964 2165 1064 2204 mihi
1090 2165 1260 2204 videtur.
1311 2166 1371 2205 Eo
1398 2166 1505 2205 enim
1529 2166 1628 2218 loco,
1662 2179 1741 2217 quo

164 2223 216 2263 ab
248 2223 469 2264 editoribus
501 2224 774 2276 fragmentum
801 2225 1035 2277 collocatur,
1068 2225 1221 2265 scilicet
1245 2226 1287 2264 in
1312 2226 1431 2265 rebus
1455 2226 1585 2265 hieme
1615 2223 1709 2277 73s7
1718 2228 1741 2264 2

166 2283 219 2323 ad
241 2283 429 2324 Amisum
453 2284 578 2336 gestis
603 2285 837 2324 enarrandis
863 2279 991 2339 (Plut.
1016 2285 1113 2325 Luc.
1139 2299 1171 2325 c.
1200 2281 1407 2340 14—15),
1434 2287 1482 2325 de
1507 2286 1741 2325 Mithridate

166 2342 327 2384 omnino
350 2357 431 2384 non
455 2344 638 2395 loquitur
656 2347 808 2396 auctor,
835 2345 902 2384 cil:
928 2342 948 2384 ὁ
970 2345 1284 2393 Λούκουλλος
1309 2345 1401 2398 περί
1423 2360 1462 2386 τε
1488 2344 1562 2396 τὴν
1581 2342 1742 2397 Ἀμισὸν

165 2400 339 2455 διέτριψε
370 2405 590 2456 μαλακῶς
620 2410 672 2459 τῇ
704 2403 958 2460 πολιορκίᾳ
988 2404 1253 2458 χρώμενος;
1286 2408 1410 2457 atque
1437 2419 1531 2445 sane
1557 2406 1743 2445 Amisum

165 2462 276 2503 haud
305 2463 452 2504 acriter
483 2467 759 2516 oppugnatam
791 2477 875 2504 esse
907 2465 964 2504 ibi
995 2466 1297 2506 memorandum
1329 2467 1421 2518 fuit,
1460 2466 1530 2505 ubi
1569 2466 1617 2505 de
1655 2466 1742 2517 ipso

163 2522 335 2564 Lucullo
368 2523 540 2575 eiusque
578 2525 696 2564 rebus
734 2525 858 2577 gestis
898 2525 1105 2577 agebatur.
1168 2526 1239 2565 Sin
1277 2526 1328 2566 ad
1366 2526 1583 2565 Lucullum
1621 2526 1743 2565 verba

163 2583 364 2650 pertinere
389 2584 632 2636 conceditur,
658 2585 709 2624 ad
734 2585 839 2624 hunc
864 2585 1073 2624 Plutarchi
1098 2586 1244 2637 locum,
1277 2600 1396 2637 quem
1423 2586 1541 2626 modo
1567 2586 1744 2638 laudavi,

164 2641 190 2683 i.
210 2655 244 2686 a·
269 2643 321 2682 ad
350 2643 493 2684 hiemis
526 2640 653 2697 73s72
680 2645 951 2684 narrationem
976 2658 1024 2684 ea
1047 2646 1195 2685 referre
1221 2618 1464 2696 impedimur
1487 2659 1583 2685 voce
1611 2647 1744 2685 audie-

165 2703 247 2755 bat3
288 2703 452 2756 accedit,
492 2705 600 2755 quod
634 2705 704 2744 illo
742 2705 790 2744 de
828 2706 1006 2756 tempore
1037 2705 1118 2744 iam
1151 2706 1270 2745 tertio
1302 2706 1422 2757 libro,
1464 2719 1544 2745 non
1586 2708 1744 2758 quarto,

146 2734 302 2802 ’actum
345 2765 418 2803 est.
492 2763 622 2811 Quare
667 2767 708 2804 et
750 2765 966 2804 Lucullum
1010 2765 1237 2805 subiectum
1283 2765 1501 2818 fragmenti
1545 2765 1743 2806 subaudio

164 2822 287 2890 idque
319 2823 370 2862 ad
400 2825 561 2874 tempus
599 2827 778 2875 spectare
816 2827 935 2877 puto,
974 2838 1054 2876 quo
1085 2826 1283 2865 Lucullus
1315 2826 1432 2876 pulso
1473 2826 1523 2864 ad
1556 2825 1744 2866 Cabiram

165 2873 400 2923 Mithridate
432 2884 562 2924 denuo
594 2884 637 2923 in
668 2885 845 2924 Pontum
878 2887 919 2924 et
948 2885 1135 2925 Amisum
1166 2886 1350 2938 revertit,
1389 2887 1438 2926 cf
1471 2885 1578 2925 Plut.
1610 2889 1743 2927 c.19:

165 2940 286 2991 αὐτὸς
318 2937 356 2982 δ’
388 2937 460 2995 ἧκε
490 2942 589 2996 πρὸς
617 2938 777 2996 Ἀμισὸν
807 2943 878 2984 ἔτι
908 2943 1338 2998 πολιορκουμένην.

1384 3017 1426 3048 11
1440 3016 1459 3036 ¹⁸⁸
