2034 3184
351 142 637 190 Argumentum.
663 162 708 168 —
734 140 935 176 Enarratio
956 145 1081 177 1—16.
1114 162 1154 167 —
1180 141 1449 187 Fragmentum
1466 145 1497 177 1.
1626 141 1707 183 191

255 250 385 296 Anno
410 254 512 308 post
530 252 585 295 67
605 250 675 293 Μ.’
694 249 836 293 Acilio
857 248 1090 293 Glabrione
1113 250 1156 293 C.
1179 250 1412 306 Calpurnio
1432 251 1589 294 Pisone
1615 265 1710 293 con-

0 384 1 392 ,
137 322 306 368 salibus
330 323 605 367 Mithridates
635 337 734 366 cum
759 322 813 364 ad
837 321 983 364 Zelam
1008 322 1149 364 vicina
1173 322 1340 365 Triario
1366 325 1506 365 castra
1530 323 1711 365 haberet

137 395 354 439 decertare
379 410 478 438 cum
502 395 660 452 legato,
685 396 916 450 antequam
942 393 1184 436 advenisset
1209 394 1427 451 Lucullus,
1452 394 1637 451 studuit3
1669 396 1712 436 et

136 469 360 512 recusante
391 466 565 523 quidem
589 465 804 522 proelium
830 464 996 507 Triario
1022 465 1211 507 militum
1237 481 1290 508 ex
1315 466 1538 508 voluntate
1564 481 1713 523 pugna

137 538 364 583 commissa
395 541 462 582 est
485 537 756 593 Romanique
781 536 981 592 dissipati
1007 540 1125 580 sunt:
1159 537 1231 593 qui
1259 537 1387 593 plane
1413 553 1463 580 eo
1490 538 1558 580 die
1584 538 1712 580 inter—

136 609 306 667 iissent,
349 610 432 653 nisi
463 609 738 652 Mithridates
774 624 800 651 a
837 608 1087 652 centurione
1131 624 1210 664 per
1248 609 1426 652 insidias
1463 609 1713 652 vulneratus

8 654 11 655 ⁷
38 646 42 647 ⁷
81 666 90 672 ’Δ
136 684 251 726 esset
282 680 399 740 (Dio
426 697 460 724 c.
487 683 557 738 12,
585 682 652 739 13,
683 680 790 723 adde
821 680 879 723 fr.
906 679 965 738 8).
1726 684 1751 726 8

254 752 339 797 Sed
355 753 519 796 Romae
535 752 718 796 'interim
741 755 863 794 tanta
882 752 1084 794 adversus
1103 751 1332 795 Lucullum
1353 756 1447 795 orta
1467 756 1533 795 est
1552 752 1713 795 invidia

135 825 406 884 agitantibus
443 824 632 867 tribunis
670 827 713 866 et
749 823 796 866 L.
829 823 1024 880 Quintio,
1061 827 1110 866 ut
1148 839 1201 866 ex
1231 823 1282 866 A.
1316 823 1508 881 Gabinii,
1545 825 1712 867 tribuni

135 896 292 955 plebis,
313 896 540 955 rogatione
561 895 674 938 demi
693 895 758 938 illi
778 895 1022 952 provincias
1043 895 1503 953 dimittique'legiones
1523 897 1713 952 populus

137 968 308 1013 iuberet
334 967 485 1027 (Plut.
510 967 623 1010 Luc.
653 982 686 1011 c.
714 969 770 1011 33
797 966 896 1009 inde
923 982 964 1009 a:
990 968 1037 1010 οἱ
1060 966 1316 1024 δημαγωγοὶ
1343 1001 1351 1010 .
1374 1002 1382 1010 .
1404 1002 1412 1010 .
1439 970 1600 1027 φθόνῳ
1632 975 1714 1011 τοῦ

134 1042 428 1086 Λουκούλλου
451 1046 805 1096 κατηγοροῦντες
822 1037 944 1097 κτλ.)
994 1038 1140 1094 Atque
1159 1039 1366 1082 Lucullus
1386 1039 1471 1081 iam
1492 1040 1713 1095 profectus

134 1115 227 1156 erat
267 1112 315 1155 in
349 1111 498 1155 hostes
535 1111 710 1167 iamque
749 1126 771 1154 e
808 1110 949 1153 Ponto
989 1110 1205 1166 expellere
1243 1126 1316 1154 eos
1354 1115 1572 1169 coeperat,
1616 1127 1713 1155 cum

37 1170 46 1190 ι’
133 1183 281 1228 subito
305 1183 499 1242 legiones
517 1182 772 1227 Valerianae
797 1185 1050 1238 ceteraeque
1076 1182 1281 1225 deficiunt
1307 1183 1422 1241 (Dio
1449 1198 1481 1225 c.
1506 1183 1592 1240 14),
1618 1199 1714 1239 par-

132 1254 215 1299 tim
245 1269 300 1298 ex
330 1254 507 1299 insolita
537 1254 722 1311 luxuria,
755 1269 840 1310 qua
862 1254 1011 1297 Nisibi
1035 1254 1276 1297 hiemantes
1309 1255 1375 1297 usi
1402 1258 1525 1297 erant
1551 1254 1626 1313 (fr.
1654 1254 1754 1314 9),9

133 1327 296 1384 partim
332 1326 419 1370 iam
455 1326 626 1383 pridem
655 1326 837 1368 Lucullo
872 1326 1083 1383 infensae,
1121 1341 1219 1368 cum
1256 1326 1530 1370 severitatem
1568 1342 1714 1383 super-

134 1398 340 1455 biamque
373 1399 466 1442 eius
497 1413 624 1456 aegre
650 1398 813 1440 ferrent
839 1396 990 1456 (Plut.
1018 1413 1051 1440 c.
1079 1399 1135 1442 33
1168 1413 1303 1454 usque
1329 1398 1383 1441 ad
1408 1398 1524 1442 οὕτω
1551 1400 1714 1460 διακει-

134 1469 287 1528 μένοις
309 1470 385 1528 [=
408 1470 465 1514 fr.
487 1470 576 1527 10],
602 1470 654 1512 cf.
680 1485 778 1512 cum
803 1469 947 1512 Dion.
974 1485 1007 1512 c.
1038 1468 1124 1528 16),
1149 1470 1203 1512 ad
1227 1470 1310 1513 hoc
1336 1471 1580 1528 exagitatae
1607 1465 1713 1514 sedi-
1730 1475 1786 1516 10

132 1541 258 1586 tiosis
276 1542 323 1585 P.
345 1541 483 1586 Clodii
508 1541 643 1600 legati
669 1541 946 1584 contionibus
972 1540 1123 1600 (Plut.
1145 1557 1177 1584 c.
1198 1544 1269 1600 34,
1293 1542 1400 1585 adde
1422 1543 1479 1585 fr.
1502 1544 1554 1585 11
1578 1546 1622 1586 et
1644 1545 1711 1601 12,
1725 1546 1856 1603 11,12

133 1617 358 1671 praeterea
387 1613 530 1657 Dion.
558 1629 592 1657 c.
622 1615 688 1671 14,
713 1615 754 1670 4,
786 1617 830 1656 et
861 1614 917 1656 fr.
948 1612 1033 1671 13).
1094 1613 1159 1657 Ac
1197 1629 1457 1670 quamquam
1488 1615 1633 1658 Nisibi
1670 1615 1715 1658 in
1730 1618 1785 1660 13

133 1685 324 1729 Pontum
343 1685 480 1730 secuti
498 1685 660 1729 milites
678 1685 907 1728 Lucullum
934 1689 1068 1742 erant,
1092 1689 1238 1729 tamen
1257 1701 1453 1744 regresso
1480 1687 1526 1729 in
1545 1691 1714 1730 montes

132 1756 386 1801 Mithridate
429 1760 560 1815 atque
603 1757 934 1800 imminentibus
976 1757 1166 1814 undique
1209 1758 1402 1801 hostium
1451 1759 1714 1802 exercitibus

132 1828 440 1886 imperatorem
459 1830 751 1886 deseruerunt,
776 1844 864 1872 non
881 1829 967 1872 nisi
993 1845 1122 1873 unam
1143 1827 1237 1873 eam
1262 1833 1471 1874 aestatem
1496 1831 1542 1874 in
1562 1832 1714 1875 castris

133 1916 227 1945 sese
250 1916 478 1946 mansuros
502 1902 802 1958 concedentes3
826 1901 974 1958 itaque
999 1902 1125 1945 facile
1150 1903 1491 1960 brevissimoque
1518 1906 1714 1960 tempore

132 1972 410 2018 Mithridates
434 1974 623 2018 Pontum
654 1989 703 2017 ac
730 1974 1049 2030 Cappadociam
1080 1975 1244 2031 recepit
1270 1974 1385 2034 (Dio
1418 1991 1451 2019 c.
1481 1977 1553 2032 153
1588 1977 1655 2032 17,
1679 1979 1715 2034 1,

133 2044 240 2089 adde
262 2045 319 2089 fr.
342 2046 410 2103 14,
435 2044 535 2089 dein
553 2045 684 2088 Plut.
706 2061 739 2089 c.
760 2044 849 2104 35).
899 2046 1085 2089 Marcius
1110 2062 1211 2090 vero
1238 2063 1318 2103 pro
1345 2048 1519 2091 consule
1540 2047 1715 2091 Ciliciae
1733 2051 1786 2091 14

133 2131 222 2161 non
246 2117 389 2161 solum
412 2117 642 2160 Lucullum
669 2132 757 2160 non
782 2117 947 2160 adiuvit
972 2117 1046 2175 (fr.
1071 2116 1159 2176 15),
1184 2119 1259 2161 sed
1284 2119 1415 2162 etiam
1439 2119 1486 2162 P.
1515 2118 1715 2163 Clodium
1732 2122 1786 2163 15

133 2188 314 2233 Lucullo
345 2188 570 2232 inimicum
601 2189 647 2232 in
679 2189 917 2232 exercitum
949 2204 1076 2233 suum
1100 2190 1266 2247 recepit
1291 2189 1406 2249 (Dio
1434 2207 1467 2234 c.
1497 2194 1565 2248 17,
1584 2194 1715 2250 2—3‚

134 2263 229 2304 tum
259 2261 316 2305 fr.
346 2258 432 2319 16).
878 2268 881 2270 ’
1732 2266 1785 2307 16

780 2351 1064 2398 Fragmenta.

256 2426 332 2474 1¹⁸.
393 2427 626 2485 Repente
658 2428 897 2471 incautos
928 2444 1080 2487 agros
1111 2429 1319 2474 invasit.

252 2546 360 2593 App.
424 2546 498 2582 Ine.
519 2550 565 2583 46
575 2546 620 2592 D,
649 2550 692 2582 12
706 2546 751 2592 K,
777 2546 829 2582 ΠΙ
850 2546 949 2592 71G,
975 2547 1009 2582 11
1027 2559 1062 2594 p.
1083 2552 1151 2584 144
1161 2549 1237 2596 Br.)
1259 2571 1303 2576 —
1325 2549 1447 2586 Schol.
1468 2550 1590 2586 Vatic.
1613 2550 1714 2595 (Phi-

135 2593 292 2641 largyr.)
317 2593 368 2630 ad
393 2548 528 2641 (georg.
554 2594 607 2630 HI
626 2598 708 2632 469.
957 2596 959 2598 ’
1041 2641 1045 2644 Δ

254 2670 423 2717 Comm.
486 2671 589 2710 Cum
618 2671 868 2712 Mithridatis
896 2672 1113 2714 invasione
1150 2675 1484 2725 necopinantibus
1521 2676 1713 2716 Romanis

134 2730 175 2770 in
206 2730 384 2772 Pontum
419 2731 529 2770 facta
565 2731 665 2771 bene
702 2732 823 2771 haece
855 2733 1078 2773 consentire
1116 2748 1163 2774 ex
1198 2728 1264 2787 iis,
1304 2748 1407 2786 quae
1441 2735 1602 2774 Cassius
1633 2736 1712 2776 Dio

133 2792 307 2843 enarrat,
332 2793 514 2831 constare
534 2791 706 2843 videtur,
732 2791 799 2830 ef.:
826 2791 1088 2846 Μιθριδάτης
1113 2792 1153 2842 ἔς
1179 2809 1216 2834 τε
1247 2793 1319 2846 τὴν
1345 2793 1480 2847 ἑτέραν
1504 2790 1713 2848 Ἀρμενίαν

133 2849 202 2890 καὶ
231 2848 278 2898 ἐς
307 2849 361 2890 τὰ
386 2848 501 2890 ἄλλα
525 2848 740 2903 ἐσβαλὼν
763 2851 934 2900 πολλοὺς
962 2858 1041 2893 τῶν
1061 2850 1265 2906 Ῥωμαίων
1293 2853 1387 2902 τοὺς
1412 2853 1484 2907 μὲν
1510 2853 1600 2894 ἀνὰ
1626 2854 1712 2908 τὴν

133 2909 288 2964 χώραν
323 2908 666 2963 πλανωμένους
704 2908 1068 2965 ἆπροσδόκητός
1109 2925 1222 2966 σφισι
1259 2914 1494 2968 προσπεσὼν
1537 2914 1712 2970 ἔφθειρε.
