2034 3184
307 155 405 196 .172
789 152 943 188 Sallusti
967 153 1214 189 Historiarum
1237 153 1302 189 lib.
1323 153 1381 189 [V.
1398 140 1406 144 “

437 261 512 305 40.
575 261 691 303 Cum
729 260 935 303 interim
971 261 1159 304 lumine
1197 262 1460 305 etiamtum
1504 261 1700 304 incerto
1743 261 1868 305 duae

288 348 290 351 ·
319 332 514 374 Galliae
546 332 784 374 mulieres
816 335 1118 375 conventum
1142 333 1368 386 vitantes
1399 333 1458 375 ad
1487 335 1744 375 menstrua
1770 333 1869 376 sol-

317 403 475 473 veuda
506 406 725 445 montem
756 403 1045 446 ascendunt.

391 470 597 541 Api).
584 496 752 541 (1V15D
767 496 862 541 42K‚
877 495 948 541 3e
962 497 1042 542 ΠΡ
1052 498 1259 542 418Br.-)
1273 497 1562 543 NoniusVIIIp
1574 501 1654 533 492.
1672 499 1686 543 11
1704 497 1868 592 Galliae}

318 542 448 577 Gallae
473 545 564 579 eom'.
587 548 670 589 post
689 544 799 579 Pium
818 526 1040 590 Nipperdey,
1065 546 1144 581 iwre
1169 546 1328 589 defendit
1353 546 1471 581 Kritz.
1492 546 1503 590 ΙΙ
1522 544 1693 581 mulieres
1713 556 1734 581 e
1765 557 1791 590 q
1821 556 1838 580 8

317 589 509 626 mulieris.
573 590 757 627 .vitantis
783 592 881 628 codd.
902 613 948 617 --
971 592 1020 627 ad
1045 594 1234 628 menstrua
1260 592 1454 639 solvenda]
1481 593 1530 628 ad
1555 594 1695 629 struem
1718 603 1867 629 moven-

319 638 405 672 dam
429 639 520 674 coni.
527 620 700 675 *Dietseh

434 714 463 753 O
472 728 494 754 o
502 729 540 753 m
548 729 599 754 m.
661 715 767 754 Satis
799 691 1020 766 explicatur
1056 717 1166 755 locus
1197 717 1402 756 Plutarchi
1436 717 1582 758 verbis:
1620 717 1662 757 οἱ
1694 712 1730 756 δ’
1764 715 1866 757 ἒπει-

316 779 440 825 ρῶντο
490 771 560 825 μὲν
602 772 649 825 τὴ
656 789 675 812 ν
717 774 906 826 αἴσθησιν
955 774 1218 826 ἀποκρύπτειν
1229 805 1240 826 ,
1288 775 1335 815 τὰ
1378 775 1503 827 κοάνη
1547 773 1868 829 καταμπέχοντες,

317 831 507 884 ὀφθέντες
548 828 585 872 δ’
626 832 716 873 ὑπὸ
758 835 888 873 δυεῖν
928 840 1167 887 γυναικῶν
1210 833 1556 887 προθυομένων
1595 839 1693 883 τοῖς
1727 837 1866 876 πολε-

317 909 344 944 μ
351 892 368 931 ί
373 908 394 932 o
402 908 416 932 ι
424 908 443 940 ς
475 891 758 932 ἐκινδύνευσαν
789 896 868 932 κτλ.

434 982 543 1028 41*.
603 984 747 1026 Haud
778 984 997 1041 impigre
1028 1000 1191 1040 neque
1222 985 1419 1029 inultus
1450 985 1711 1029 occiditur

433 1077 538 1123 App.
578 1077 663 1122 (Inc.
680 1077 778 1122 29D,
798 1078 849 1112 IV
868 1077 967 1122 45K‚
987 1077 1058 1114 inc.
1075 1078 1172 1123 10G,
1192 1079 1272 1124 Hp.
1285 1079 1643 1125 430Br.)—Donat.
1659 1079 1708 1114 ad
1721 1078 1868 1115 Terent.

316 1125 428 1160 Andr.
448 1125 465 1159 I
485 1128 516 1169 2,
538 1129 593 1160 34.
626 1126 637 1170 ΙΙ
667 1124 842 1171 impigre]
867 1125 1027 1170 impigro
1048 1125 1099 1169 P,
1130 1138 1300 1171 pugnans
1326 1128 1409 1163 add.
1433 1127 1591 1163 Dietsch.
1628 1147 1674 1153 -
1709 1125 1868 1183 inultus]

314 1172 453 1207 multus
483 1154 521 1208 O'.
547 1193 594 1198 —
619 1172 736 1219 haud]
766 1174 909 1208 seclusit
934 1173 1041 1219 Voyel
1071 1174 1198 1209 collato
1228 1174 1341 1210 Floro
1366 1175 1394 1209 I
1413 1177 1558 1219 38,18,
1588 1175 1650 1210 sed
1677 1174 1869 1219 falmesime

313 1221 420 1256 verba
439 1220 582 1255 Donati
607 1221 882 1265 Mntermetatus
907 1221 1058 1267 loqieum
1077 1225 1196 1256 autem
1215 1222 1310 1257 illud
1328 1223 1494 1258 mendum
1517 1233 1592 1257 11011
1611 1222 1784 1266 librwriis,
1807 1222 1869 1257 sed

314 1268 387 1312 ipsi
411 1268 553 1303 auctori
576 1279 646 1303 esse
672 1268 901 1303 tribuendum
925 1273 1015 1303 reete
1039 1269 1200 1312 defendit
1228 1269 1283 1304 W.
1305 1269 1470 1305 Heraeus
1494 1270 1618 1306 allatis
1641 1269 1812 1314 exemplis
1835 1273 1869 1304 et

313 1319 516 1351 nostrorum
541 1315 756 1360 scriptorum
780 1319 812 1350 et
835 1315 937 1351 Livii
957 1316 1128 1351 XXXII
1142 1319 1200 1360 16,
1220 1319 1284 1352 11:
1312 1316 1506 1362 ‘oppidani
1529 1316 1649 1362 primo
1674 1315 1776 1352 haud
1800 1315 1867 1351 im—

313 1362 419 1408 pigre
443 1362 647 1398 tuebantur
671 1362 844 1398 moenia.’

432 1439 597 1479 Oomm.
648 1439 885 1490 Spartacum
914 1439 976 1478 his
1001 1440 1130 1479 verbis
1156 1440 1460 1493 intelligendum
1485 1453 1568 1480 esse
1594 1440 1751 1493 egregie
1777 1453 1867 1480 con-

313 1499 406 1537 iecit
431 1498 666 1538 Debrossius
699 1499 928 1549 accepitque
953 1499 1077 1550 Kritz,
1110 1500 1157 1539 cf.
1185 1500 1311 1539 Plut.:
1343 1498 1448 1547 τέλος
1480 1496 1522 1539 δὲ
1552 1498 1761 1553 φυγόντων
1791 1503 1870 1539 τῶν

314 1556 401 1610 περὶ
433 1556 552 1597 αὐτὸν
584 1556 702 1605 αὐτὸς
733 1556 850 1605 ἑστὼς
886 1557 953 1598 καὶ
983 1557 1202 1606 κυκλωθεὶς
1234 1558 1323 1599 ὑπὸ
1353 1562 1537 1599 πολλῶν
1569 1557 1870 1611 ἀμυνόμενος

315 1631 562 1669 κατεκοπη.

929 1819 1133 1866 CAPUT
1173 1819 1255 1866 III.

753 1921 846 1965 Res
877 1923 1101 1978 urbanae,
1134 1922 1198 1966 fr.
1218 1897 1425 1968 ‘42-55.

966 2037 1211 2072 Enarratio.

429 2112 646 2154 Extinctis
672 2105 836 2155 servilis
862 2112 1082 2155 seditionis
1107 2112 1299 2167 reliquiis
1317 2112 1549 2167 Pompeius
1567 2112 1748 2155 Romam
1771 2126 1866 2167 pro-

311 2183 448 2225 fectus
486 2186 567 2239 est,
610 2183 694 2225 acri
734 2183 883 2239 populi
922 2183 1129 2226 desiderio
1166 2198 1303 2239 neque
1340 2199 1425 2226 non
1462 2198 1618 2240 magno
1654 2182 1867 2227 nobilium

312 2257 429 2296 metu
449 2257 699 2309 expectatus
719 2255 866 2310 (Plut.
888 2255 1054 2310 Pomp.
1075 2270 1106 2297 c.
1130 2257 1182 2298 21
1205 2255 1302 2297 inde
1322 2256 1376 2298 ab
1405 2249 1864 2315 e'vxvoffocdvndtuuf]

235 2324 291 2365 42
311 2324 384 2368 καὶ
407 2327 650 2382 προσδοκίᾳ
674 2333 752 2368 τοῦ
784 2326 946 2381 ἀνδρὸς
970 2330 1071 2380 κτλ,
1103 2327 1207 2368 adde
1234 2328 1289 2369 fr.
1315 2325 1403 2383 42).
1466 2326 1548 2369 Sed
1578 2329 1712 2381 antea,
1739 2340 1866 2381 quam

311 2397 356 2438 in
387 2397 538 2439 urbem
569 2397 787 2453 ingressus
819 2400 900 2452 est,
939 2398 1127 2440 exercitu
1163 2398 1351 2440 nondum
1375 2398 1562 2440 ¹dimisso
1598 2396 1866 2452 triumphum
1921 2395 1924 2398 ’

312 2482 360 2509 ae
398 2468 663 2509 consulatum
701 2468 785 2510 sibi
823 2468 1073 2524 postulavit,
1118 2468 1215 2510 dein
1255 2471 1424 2525 nactus,
1462 2483 1568 2524 quae
1605 2467 1750 2524 petiit,
1787 2482 1866 2523 per

311 2538 366 2579 M.
386 2538 643 2594 Palicanum,
662 2539 803 2593 plebei
824 2538 1057 2594 tribunum,
1083 2539 1280 2581 contione
1299 2554 1433 2595 prope
1458 2539 1609 2581 urbem
1636 2541 1866 2581 convocata

146 2608 215 2662 43,
235 2608 291 2649 44
311 2607 385 2665 (fr.
411 2611 480 2664 43,
505 2608 581 2666 44)
614 2609 789 2652 consilia
820 2611 982 2664 populo
1015 2610 1214 2665 exposuit
1246 2610 1577 2666 restiturumque
1609 2625 1654 2652 se
1683 2609 1864 2652 tribuni-

312 2679 418 2721 ciam
475 2683 734 2735 potestatem
783 2695 831 2722 ae
879 2680 1143 2723 redditurum
1196 2680 1413 2736 equitibus
1464 2679 1620 2722 iudicia
1667 2678 1865 2735 promisit

72 2749 139 2803 45,
153 2749 221 2804 46,
235 2750 289 2791 47
313 2749 386 2806 (fr.
407 2750 612 2808 ais—47).
663 2751 846 2794 Tantum
873 2765 972 2793 vero
998 2752 1110 2806 apud
1134 2752 1342 2807 populum
1367 2750 1501 2794 valuit
1527 2750 1618 2793 eius
1641 2749 1790 2807 gratia,
1814 2752 1864 2791 ut

311 2821 366 2862 M.
394 2820 580 2876 Crassus,
611 2822 655 2863 in
687 2821 931 2863 consulatus
963 2822 1171 2875 petitione
1203 2825 1251 2864 ut
1276 2837 1319 2864 se
1352 2821 1581 2876 adiuvaret,
1610 2819 1863 2876 Pompeium

311 2906 462 2948 rogare
486 2906 573 2934 non
598 2892 827 2948 dubitaret,
853 2895 896 2934 et
915 2892 952 2934 ei
980 2907 1078 2934 sane
1106 2893 1334 2935 obsecutus
1356 2892 1428 2934 ille
1454 2894 1519 2934 est
1539 2890 1687 2949 (Plut.
1709 2890 1863 2933 Crass.
