1976 3190
706 155 936 204 Fragmenta
960 161 1157 194 111—118.
1661 156 1719 200 49

266 269 434 312 Οοωω,
455 271 512 311 ad
534 273 778 311 112—115.
828 270 1031 317 Quattuor
1056 284 1159 321 quae
1185 272 1249 310 hic
1275 272 1469 312 collocavi
1493 272 1722 324 fragmenta

114 315 115 318 Ἴ
146 315 284 374 6130111
303 330 524 372 Sertoriani
540 331 772 375 ⁷narratione
799 333 961 381 sumpta
980 343 1064 369 esse
1084 333 1214 382 patet3
1242 332 1321 370 tria
1341 334 1477 371 autem
1497 332 1720 382 posteriora

23 391 76 440 fi,
146 389 200 434 nd
234 390 507 442 expeditiones
545 391 704 442 aliquas
741 391 926 441 spectant
963 390 1005 428 in
1042 390 1171 440 ipsam
1209 391 1464 431 Lusitaniam
1503 393 1720 443 susceptas,

0 455 1 458 ’
27 457 90 507 :;‘‡
140 450 254 497 ficut
289 463 310 490 e
341 450 536 502 Dipones,
572 450 826 502 Lusitaniae,
864 449 966 501 Tagi
1002 450 1230 489 nominibus
1267 451 1468 490 discimus.
1531 451 1722 504 Singulas

146 521 243 557 vero
265 518 341 562 res,
369 522 474 561 quae
498 512 588 550 tum
611 511 748 562 gestae
773 509 866 562 sint,
891 510 1094 549 dinoscere
1119 509 1517 562 fragmentorumque
1544 512 1722 550 ordinem

35 560 75 622 {2
144 569 389 611 constituere
426 583 506 610 non
543 570 626 609 iam
660 570 854 610 valemus.
915 569 1050 620 Atque
1082 569 1124 608 id
1161 570 1324 620 quidem
1355 573 1443 610 tota
1474 571 1594 609 huius
1626 571 1722 610 belli

26 631 77 687 ,.
142 628 377 687 ,003111010ηο
396 629 501 669 effici
519 629 690 682 videtur,
711 629 881 680 bellasse
900 630 1110 668 Metellum
1132 629 1174 668 in
1193 629 1407 669 Lusitania
1426 630 1543 670 initio
1563 630 1722 681 imperii

145 688 225 742 sui,
254 688 298 728 id
321 691 382 728 est
406 689 522 729 annis
550 691 602 730 79
629 689 695 729 vel
722 691 794 741 783
825 689 996 740 posteris
1023 691 1159 728 autem
1191 690 1306 728 annis
1337 690 1379 728 in
1409 690 1616 740 provincia
1648 703 1722 729 sua

146 760 191 790 se
213 749 348 789 tenuit
372 743 441 803 (cf.
461 749 684 801 Prolegom.
710 763 748 800 p.
771 744 859 804 23),
891 752 990 801 tum,
1022 751 1239 800 postquam
1264 750 1480 800 Pompeius
1508 750 1551 788 in
1575 750 1721 800 Hispa-

147 807 258 849 niam
288 809 468 861 advenit,
505 809 548 848 in
579 809 760 849 citeriore
792 809 999 860 provincia
1036 811 1159 860 atque
1191 809 1234 847 in
1266 808 1475 848 Celtiberis
1509 822 1602 849 cum
1634 810 1721 849 Ser-

145 867 316 911 torianis
346 868 535 908 conflixit.
597 869 708 915 Quae
740 869 775 907 si
806 869 1130 921 consideraveris,
1164 870 1393 921 fragmenta
1423 870 1538 921 haec,
1574 870 1721 920 quibus

145 926 196 969 de
219 925 372 968 'eadem
407 941 468 980 re,
507 925 662 968 scilicet
697 929 745 968 de
776 929 882 968 bello
913 929 1127 980 Lusitano,
1166 929 1319 981 agitur,
1356 929 1399 968 in
1429 942 1557 968 unum
1588 930 1722 969 locum

145 983 515 1039 eemprehendenda
541 1000 625 1028 esse
645 988 745 1027 mihi
769 989 970 1028 concedes.
1021 989 1109 1028 Iam
1134 1002 1228 1028 vero
1254 989 1302 1028 fr.
1327 991 1424 1041 112,
1456 1002 1536 1040 quo
1563 1002 1724 1041 aggres-

54 1057 68 1102 ἑ
146 1056 266 1088 sums
290 1049 606 1099 vastaturusque
626 1049 813 1088 Metellus
839 1048 1066 1088 ostenditur
1091 1050 1213 1099 atque
1240 1049 1454 1088 invasurus
1480 1049 1522 1087 in
1547 1049 1726 1089 hostium

37 1132 51 1172 ‘.
120 1154 122 1156 ¹
146 1105 257 1160 ssim,
287 1107 340 1147 ad
362 1107 470 1147 idem
492 1108 692 1159 pertinere
722 1110 882 1159 tempus
907 1108 1076 1148 videtur.
1131 1108 1382 1153 Postremam
1407 1122 1503 1161 rem,
1536 1122 1659 1160 quam
1685 1109 1726 1148 in

146 1160 358 1215 Ennianis»
401 1167 528 1220 gessit
562 1168 767 1220 Metellus,
813 1168 1157 1221 oppugnationem
1194 1168 1538 1221 Langobritanam
1583 1182 1668 1209 esse
1706 1183 1726 1208 e

40 1232 42 1234 ’
141 1225 365 1268 mutarent)
397 1240 430 1267 0.
461 1229 516 1268 13
548 1228 743 1279 sequitur.

268 1328 379 1376 116.
439 1330 658 1375 Sanctus
688 1331 791 1374 alia
822 1334 871 1374 et
902 1331 1115 1389 ingenio
1147 1332 1362 1376 validus.

265 1424 374 1480 App.
409 1425 441 1472 (Ι
454 1429 499 1461 92
519 1427 559 1461 et
574 1425 646 1462 ine.
663 1429 731 1461 113
741 1426 786 1471 D,
805 1425 823 1460 Ι
836 1429 882 1461 94
902 1427 941 1461 et
959 1425 1030 1462 inc.
1053 1430 1098 1461 so
1109 1426 1153 1471 K,
1173 1426 1190 1461 Ι
1209 1429 1254 1461 39
1267 1425 1310 1472 G,
1330 1427 1347 1461 Ι
1365 1439 1401 1473 p.
1422 1431 1492 1462 270
1513 1429 1552 1463 et
1569 1431 1640 1463 403
1651 1428 1728 1473 ΒΥ.)

147 1493 196 1500 —-
213 1471 356 1510 charis.
375 1485 412 1519 p.
435 1476 515 1509 194.
535 1495 583 1500 —
603 1474 703 1510 Serv.
731 1473 781 1509 ad
800 1474 892 1509 Aen.
913 1473 966 1508 111
986 1477 1072 1510 5942
1101 1475 1268 1510 ‘sanctus
1293 1474 1397 1510 alia)
1419 1476 1432 1521 ΙΙ
1451 1475 1545 1523 alia]
1571 1475 1668 1511 alias
1689 1476 1733 1511 N

148 1519 313 1558 Charisii
340 1526 375 1558 et
403 1522 480 1568 ipse
507 1522 716 1566 Charisius,
753 1521 832 1557 alia
863 1522 1011 1558 Servius
1016 1536 1030 1566 ;
1060 1523 1129 1558 illa
1159 1523 1304 1568 quidem
1336 1524 1438 1559 lectio
1469 1525 1520 1560 ad
1552 1524 1729 1560 Flavium

150 1568 312 1616 &aprum
341 1570 487 1606 videtum
516 1570 653 1615 redire,
689 1571 785 1606 hanc
815 1574 965 1606 tuentwr
993 1570 1213 1615 imitatores,
1250 1571 1345 1607 sicut
1376 1571 1504 1618 Heyes.
1534 1573 1570 1607 V
1584 1575 1643 1617 16,
1664 1576 1711 1608 95
1719 1587 1730 1608 .-

148 1618 302 1654 matun
329 1618 457 1654 cetera
483 1621 518 1654 et
545 1618 702 1654 Velleius
724 1618 775 1653 II
787 1620 855 1653 48:
883 1617 942 1653 vir
970 1619 1096 1653 cetera
1121 1618 1381 1654 sanctissimus
1407 1620 1553 1666 aliique.
1574 1641 1621 1646 —
1640 1621 1729 1656 Duo

147 1665 355 1703 teetinwnia
377 1666 486 1713 vulyo
510 1666 652 1702 (lembus
671 1677 744 1712 pro
767 1666 985 1713 fraymentis
1014 1667 1142 1702 habita
1161 1667 1308 1712 primus
1335 1667 1494 1705 Gerlach
1521 1669 1727 1704 eoniwnxit.

267 1741 438 1783 Oomm.
500 1741 701 1790 Quoniam
727 1743 817 1794 ipsa
848 1756 926 1783 vox
957 1744 1040 1782 alia
1075 1744 1251 1783 ostendit
1281 1744 1464 1784 insecuta
1497 1757 1580 1784 esse
1608 1758 1729 1796 quae-

148 1800 259 1855 ἆωῃ,
297 1802 445 1855 quibus
480 1803 600 1843 homo
637 1803 706 1842 ille
741 1804 904 1842 sanctus
942 1803 1215 1856 vituperatur,
1252 1804 1352 1843 bene
1391 1804 1531 1843 cadere
1569 1805 1731 1844 videtur

146 1860 260 1903 locus
291 1861 344 1902 ad
372 1862 528 1902 Metelli
552 1863 616 1902 Pii
646 1875 776 1903 mores
809 1863 1116 1916 adumbrandos,
1149 1877 1270 1915 quem
1300 1878 1393 1903 cum
1424 1866 1565 1904 contra
1596 1865 1729 1904 Serto-

146 1922 255 1963 rium
295 1922 467 1964 bellaret
510 1925 552 1962 et
593 1923 782 1963 militaris
824 1923 934 1964 vitae
981 1923 1195 1975 disciplina
1239 1926 1280 1962 et
1322 1925 1473 1964 bonum
1522 1925 1730 1977 ingenium

147 1981 369 2024 deficiebat.

271 2085 381 2133 117.
442 2086 582 2131 Solis
611 2087 724 2131 viis.

267 2181 376 2266 App
414 2181 445 2228 (I
466 2185 534 2218 110
546 2181 591 2227 D,
619 2186 688 2218 118
701 2182 746 2228 K,
771 2182 807 2217 H
830 2194 866 2228 p.
889 2186 968 2228 132,
998 2186 1077 2228 198,
1103 2186 1175 2218 482
1189 2182 1264 2228 ΒΓ.)
1284 2203 1331 2208 —-
1352 2181 1488 2219 Donat.
1511 2184 1562 2219 ad
1581 2183 1729 2228 Terent.

148 2228 298 2266 Phorm.
373 2232 406 2275 7,
427 2233 484 2266 86.

269 2306 438 2347 Oomm.
501 2306 702 2354 Quoniam
733 2308 935 2348 Sertorius
971 2308 1175 2356 πλάνοις
1211 2306 1260 2348 δὲ
1290 2307 1534 2362 χρώμενος
1575 2309 1635 2350 ἀεὶ
1665 2310 1732 2351 καὶ

149 2366 401 2420 κυνηγεσίοις
421 2396 431 2407 .
450 2396 460 2406 .
482 2399 490 2407 .
510 2397 520 2406 .
539 2365 734 2420 ἀβάτων
764 2382 803 2407 τε
834 2366 900 2408 καὶ
932 2367 1114 2421 βασίμων
1150 2367 1281 2408 τόπων
1307 2366 1512 2420 ἐμπειρίαν
1543 2371 1731 2411 habuisse

147 2427 304 2479 haeque
330 2427 499 2467 scientia
524 2426 566 2466 in
583 2428 770 2468 bellando
795 2440 894 2467 usus
915 2441 999 2468 esse
1019 2429 1149 2468 fertur
1168 2423 1295 2483 (Plut.
1317 2442 1349 2467 c.
1373 2424 1459 2483 13),
1486 2430 1609 2469 etiam
1635 2432 1731 2470 haec

148 2486 272 2527 verba
308 2487 360 2539 ad
399 2487 621 2527 Sertorium
658 2487 816 2539 rettuli,
861 2488 1008 2539 quibus
1046 2490 1120 2527 aut
1156 2490 1374 2540 vagantem
1411 2489 1528 2528 illum
1567 2491 1732 2530 desertis

149 2546 219 2599 his·
242 2546 319 2587 viis
344 2546 514 2587 describi
546 2549 620 2586 aut
648 2548 847 2598 quomodo
873 2548 916 2587 in
940 2548 1097 2588 insidiis
1122 2549 1271 2600 fugave
1297 2549 1347 2587 iis
1372 2561 1470 2587 usus
1498 2550 1551 2588 sit
1577 2552 1733 2589 narrari

150 2606 346 2647 existimo.

272 2697 381 2744 118.
441 2696 619 2756 Neque
651 2699 893 2743 detrusus
923 2699 1244 2757 aliquotiens
1275 2703 1516 2743 terretur.

270 2793 379 2840 App.
423 2793 455 2839 (Ι
474 2796 519 2829 99
534 2793 579 2839 D,
602 2797 667 2829 101
679 2793 724 2839 K,
746 2798 814 2830 116
825 2793 868 2839 G,
888 2794 923 2830 H
940 2807 976 2840 p.
998 2799 1044 2831 96
1056 2795 1130 2842 Br.)
1156 2817 1203 2821 --
1228 2794 1408 2830 Priscian.
1431 2794 1500 2830 XV
1520 2795 1586 2841 (ΠΙ
1604 2808 1640 2842 p.
1663 2799 1731 2844 ⁷8).

271 2869 440 2910 Comm.
473 2869 753 2910 Constantiam
767 2871 1125 2923 fortitudinemque
1141 2873 1266 2924 illam,
1288 2885 1390 2923 quae
1410 2872 1486 2911 hoc
1506 2872 1733 2926 fragmento

152 2929 377 2982 exponitur,
404 2943 496 2970 cum
515 2930 671 2970 nemine
691 2932 776 2970 tam
794 2931 894 2972 bene
913 2934 1013 2983 puto
1041 2932 1262 2984 convenire,
1288 2945 1411 2982 quam
1430 2944 1523 2972 cum
1544 2933 1733 2975 Sertorio.

226 3002 460 3049 sallustius,
482 3005 527 3031 ed.
547 3005 813 3030 Maurenbrecher.
841 3006 880 3031 11.
1421 3003 1443 3034 4
