1976 3190
490 150 688 187 Enarratio
715 153 867 187 64—70.
895 171 938 176 —-
965 150 1193 196 Fragmenta
1219 153 1370 185 53—56.
1661 148 1717 189 83

145 258 208 298 vel
235 257 420 297 feminina
446 287 454 294 .
476 287 483 294 .
507 288 513 294 .
535 287 542 294 .
567 259 669 296 unde
700 257 902 294 Sallustius
932 257 972 292 in
1003 257 1037 291 II
1067 256 1330 292 historiarum’
1360 267 1390 292 e
1411 268 1446 301 q
1467 267 1495 291 s.
1528 277 1572 281 —
1604 255 1657 290 Id.
1685 254 1718 289 V

145 305 194 390 gl
214 318 252 361 Ρ.
274 307 356 352 143)
381 317 448 352 usq
450 318 492 342 ue
517 308 567 342 ad
592 305 755 342 Turiam
782 326 826 331 -—-
852 304 997 340 Probus
1024 304 1212 350 cathol.p
1319 304 1404 339 ‘hoc
1430 302 1557 348 Turia,
1582 314 1718 338 nomen

170 353 310 391 uminis
335 353 477 390 lectum
506 353 547 389 in
572 353 736 390 secunda
766 352 927 388 historia
953 352 1151 388 Sallustii?
1186 373 1230 378 —-
1247 308 1407 388 7IJJadffln
1437 352 1511 395 fere
1537 350 1718 386 Sacerdos

146 401 213 449 (vl
234 413 272 456 Ρ.
291 403 387 448 471),
412 401 558 437 Phocas
583 414 619 448 Ρ.
639 405 726 446 412,
757 399 883 436 Aurel.
907 400 1066 446 August.
1093 399 1226 446 regula
1245 399 1293 445 (V
1311 412 1346 445 Ρ.
1368 401 1462 446 496).
1482 400 1495 445 ΙΙ
1512 398 1718 445 moenium]

145 448 297 486 moenia
321 450 413 486 coni.
433 449 594 486 Dietsch.
627 470 672 476 —
703 448 874 495 Turiam]
904 449 984 484 iwre
1014 448 1178 493 defendit
1207 449 1282 484 loeo
1312 448 1463 483 laudato
1488 447 1719 491 Prisciomus,

145 496 262 535 Turia
285 497 430 534 Probus
453 509 536 534 eum
560 497 762 542 Sacerdote,
787 496 923 541 Phoca,
948 496 1169 543 Auyustino.

266 573 433 614 Oomm.
494 574 728 614 Rectissime
761 586 785 612 a
830 571 1044 612 Debrossio
1085 572 1359 624 fragmentum
1396 573 1444 611 de
1481 571 1594 611 clade
1625 571 1719 610 Per-

145 646 292 686 pernae
323 634 574 674 intellectum
603 646 732 685 neque
762 646 857 673 vero
883 646 974 672 cum
991 632 1145 671 Kritzio
1178 633 1230 671 ad
1253 645 1434 684 pugnam
1453 632 1720 683 Saguntinam

145 694 229 734 sive
249 694 484 734 Turiensem
506 694 758 734 referendum
783 705 867 732 esse
893 693 1010 732 docet
1033 689 1161 742 ipsius
1180 692 1391 731 Valentiae
1417 692 1528 730 urbis
1551 691 1721 743 mentio,

146 755 188 794 et
216 755 352 794 locum
383 753 547 805 quidem
574 754 637 793 his
667 753 798 794 verbis
830 752 974 803 exponi
1003 751 1244 804 putaverim,
1277 765 1397 802 quem
1428 751 1580 802 proelio
1613 764 1720 790 exer-

145 814 251 854 citus
275 813 554 865 Hispaniensis
582 813 813 854 obtinuerit.
844 835 894 839 —
923 811 1111 852 Ceterum
1141 812 1216 852 hoc
1240 811 1440 862 proelium
1464 810 1721 850 Bienkowski

148 869 339 929 (Wiener.
351 873 516 913 Studien
534 873 666 912 XIII.
685 886 728 923 p.
741 867 845 927 217)
870 885 1000 923 nuper
1025 872 1231 911 contendit
1250 871 1427 911 evenisse
1447 871 1529 909 iam
1548 870 1643 909 anni
1665 872 1687 909 7
1696 872 1719 909 6

146 933 269 974 exitu.
330 933 388 972 At
417 933 574 973 credine
605 934 740 984 potest
769 932 1008 984 Pompeium
1032 932 1218 971 Laurone
1250 932 1463 982 depulsum
1487 930 1722 980 victumque

146 993 271 1033 offlam
301 993 354 1032 ad
377 993 610 1032 Valentiam
639 993 876 1044 processisse
903 1005 949 1032 ac
975 1005 1067 1032 cum
1097 991 1244 1044 legatis
1271 990 1512 1031 Sertorianis
1542 1003 1723 1042 pugnam

146 1053 283 1094 iniisse
318 1053 440 1104 idque
470 1054 734 1104 persequente
771 1053 963 1092 nimirum
995 1051 1200 1091 Sertorio?
1250 1051 1314 1090 An
1345 1053 1468 1102 putas
1500 1050 1724 1090 Sertorium

146 1113 301 1153 cladem
325 1112 409 1152 suis
434 1112 647 1152 Valentiae
673 1113 832 1152 illatam
855 1113 975 1163 plane
1002 1111 1210 1151 omisisse?
1242 1111 1386 1162 Itaque
1412 1113 1454 1150 et
1478 1123 1658 1162 pugnam
1684 1111 1724 1148 et

147 1173 485 1226 expugnationem
510 1173 648 1226 oppidi
675 1185 779 1212 anno
806 1172 1106 1212 attribuendam
1133 1183 1217 1211 esse
1240 1173 1308 1224 75,
1336 1172 1441 1211 sicut
1465 1170 1542 1209 feci
1566 1171 1723 1221 Proleg.

147 1246 187 1284 p.
215 1234 284 1285 26,
315 1232 440 1273 etiam
469 1245 577 1272 nunc
607 1232 754 1273 iudico.

269 1336 378 1382 55⁸⁸.
445 1336 738 1393 Perpernae
781 1340 882 1380 tam
926 1335 1106 1392 paucis
1151 1336 1449 1392 prospectis
1490 1350 1607 1378 vera
1647 1337 1726 1377 est

147 1409 465 1453 aestimanda
491 1428 588 1452 ·....

267 1503 374 1551 App.
426 1503 615 1550 (111051),
640 1504 780 1549 141K,
806 1502 963 1548 1118G,
989 1503 1060 1549 Ip
1081 1502 1240 1549 498Br.)
1266 1523 1310 1528 —
1339 1502 1439 1538 Serv.
1467 1501 1595 1548 (schol.
1615 1501 1726 1548 Dan)

149 1552 200 1588 ad
218 1551 310 1588 Aen.
330 1551 399 1587 XII
419 1555 500 1587 694.
520 1552 533 1598 ΙΙ
550 1533 780 1599 Pei-pernae]⁷
798 1562 991 1607 perpenna
1012 1551 1058 1595 F,
1083 1551 1302 1596 Perpennae
1320 1561 1444 1596 poena
1463 1552 1557 1587 coni
1579 1551 1727 1596 Mc’ihly,

148 1601 212 1636 sed
335 1601 386 1635 'us
416 1600 555 1645 afuisse
584 1601 853 1636 substantivum
878 1600 1131 1636 0118111110.-
1164 1598 1390 1646 prospectis]
1420 1609 1488 1644 pro
1520 1600 1652 1644 pectus
1680 1598 1727 1643 F,

148 1659 240 1684 corr.
315 1648 491 1692 aseivius,
525 1647 715 1693 profectus
746 1649 839 1684 coni.
867 1647 1022 1691 Putsch,
1051 1658 1175 1693 poena
1202 1676 1232 1683 ..
1307 1646 1528 1692 proscriptis
1557 1647 1728 1693 Wagner,

149 1706 217 1742 pro
236 1706 386 1742 poena.
452 1695 700 1742 .proscriptis
719 1694 947 1743 (vindicta)
966 1695 1128 1740 Dietseh,
1152 1676 1365 1741 Perpernae
1385 1706 1475 1730 casu
1494 1694 1625 1741 paucis
1644 1705 1727 1740 per-

149 1744 279 1790 specta
304 1724 462 1779 Sertorii
486 1743 607 1779 virtus
615 1745 652 1790 (Ξ)
678 1744 770 1780 coni.
800 1743 844 1780 F.
867 1743 996 1780 Scho'll

269 1820 438 1862 Oomm.
494 1820 824 1860 Subaudiendum
854 1833 939 1860 esse
965 1820 1276 1871 substantivum,
1308 1833 1387 1871 quo
1413 1820 1617 1871 Perperna
1640 1820 1727 1859 lau-

149 1881 284 1934 detur,
315 1894 364 1920 ex
393 1881 436 1921 vi
472 1881 581 1921 vocis
612 1893 707 1920 vera
739 1883 861 1932 atque
894 1880 1133 1921 scholiastae
1165 1881 1499 1931 interpretatione
1531 1880 1727 1932 sequitur,

149 1940 272 1981 simul
313 1941 539 1992 vituperari
581 1954 675 1980 eum
710 1941 842 1981 verbis
885 1944 966 1980 tam
1000 1942 1146 1990 paucis
1182 1942 1400 1990 prospectis
1437 1941 1726 2007 cognoscimus

149 2001 294 2053 Itaque
323 2000 428 2040 hanc
458 2001 541 2040 fere
567 2001 787 2052 accipimus
812 2000 1071 2040 sententiam·
1105 2013 1355 2051 quamquam
1379 2014 1460 2040 non
1485 2000 1563 2039 nisi
1587 2000 1728 2051 paucis

149 2060 269 2101 rebus
288 2061 490 2113 Perperna
514 2063 784 2114 prospexerat,
810 2063 946 2101 tamen
971 2061 1176 2100 laudanda
1203 2062 1264 2100 est
1289 2061 1375 2100 eius
1400 2060 1597 2100 fortitudo
1625 2054 1728 2114 (sive

113 2174 116 2177 ἢ
149 2121 280 2161 virtus
319 2121 384 2161 vel
422 2120 552 2160 simile
593 2115 780 2175 aliquid).
848 2121 983 2172 Atque
1020 2121 1119 2160 haec
1160 2120 1259 2188 quin
1299 2121 1350 2159 ad
1390 2120 1515 2160 cladis
1556 2120 1729 2160 alicuius

150 2180 424 2220 narrationem
453 2180 678 2231 Perpernae
709 2181 849 2220 illatae
880 2181 1121 2232 pertineant,
1158 2181 1226 2220 vix
1256 2180 1425 2219 dubium
1463 2182 1534 2220 est.
1597 2180 1729 2227 Quare

152 2240 203 2280 ad
238 2253 420 2293 pugnam
454 2240 742 2280 Valentianam
777 2241 1050 2293 fragmentum
1085 2240 1232 2292 refero,
1271 2253 1352 2291 qua
1388 2240 1613 2291 Perpernae
1649 2240 1728 2279 He-

152 2297 361 2352 renniique
392 2300 549 2340 factum
579 2312 663 2340 esse
695 2301 877 2341 socordia
902 2300 1072 2353 videtur,
1104 2302 1152 2339 ut
1179 2300 1400 2340 Sertoriani
1431 2302 1729 2351 superarentur.

273 2403 351 2449 56.
399 2403 625 2448 Dubium
656 2419 718 2447 an
747 2404 920 2448 insula
945 2404 1032 2462 sit,
1064 2404 1198 2461 quod
1222 2404 1349 2447 Euri
1381 2407 1536 2460 atque
1562 2403 1730 2446 Africi

150 2475 472 2560 superiactis
503 2476 761 2520 fluctibus
793 2476 1196 2519 circumlavitur.

271 2582 378 2629 App.
429 2581 611 2629 (1183D‚
645 2582 753 2628 81K,
786 2582 894 2628 97G,
925 2583 1110 2629 19:423,
1142 2583 1177 2618 Π
1204 2595 1239 2629 p.
1267 2583 1401 2628 85Br)
1440 2603 1483 2607 —
1523 2581 1668 2617 Nonius
1697 2580 1731 2616 X

152 2642 188 2676 Ρ.
209 2633 361 2667 508-4,
381 2631 393 2676 ΙΙ
411 2630 584 2678 insula]
573 2642 614 2665 111
633 2629 759 2666 insula
777 2595 1077 2668 οἀ.Β’1Ξο18οΡ11.-
1098 2630 1234 2678 Africi]
1261 2630 1391 2666 astrici
1410 2631 1524 2674 codd„
1549 2629 1668 2665 Africi
1689 2631 1732 2665 in

151 2679 316 2725 antiquas
340 2678 461 2715 Nonii
484 2679 706 2715 editionibus
730 2679 806 2715 iam
830 2683 1046 2724 correctum,
1076 2680 1122 2725 cf.
1150 2679 1232 2715 Liv.
1261 2679 1409 2715 XXVI
1422 2680 1481 2722 42,
1508 2677 1627 2713 austri
1648 2682 1732 2723 poet

151 2725 292 2766 Aleum
314 2727 435 2774 vulyo,
461 2725 617 2762 austrici
643 2727 735 2763 com‘.
761 2726 965 2773 Quicherat.

272 2802 441 2844 Comm.
501 2803 651 2842 Urbem
682 2803 784 2843 libro
817 2804 989 2844 secundo
1022 2804 1232 2843 laudatam
1264 2806 1386 2854 atque
1419 2803 1461 2841 in
1491 2803 1732 2853 paeninsula

152 2862 212 2902 ita
243 2863 375 2916 sitam,
412 2865 461 2902 ut
491 2865 664 2916 angusto
697 2864 859 2903 tantum
889 2864 986 2916 iugo
1025 2878 1117 2904 cum
1155 2863 1378 2904 continenti
1415 2863 1630 2903 coniuncta
1667 2863 1732 2915 sit,

152 2934 238 2964 esse
257 2922 542 2999 Carthaginem
567 2923 726 2963 Novam
751 2924 982 2964 acutissime
1007 2924 1186 2975 repperit
1204 2923 1370 2963 Dietsch
1396 2923 1595 2975 evicitque
1621 2923 1732 2963 lucu—

1393 2989 1440 3025 6*
